@ARTICLE{Almosallam:2016,
       author = {{Almosallam}, Ibrahim A. and {Jarvis}, Matt J. and {Roberts}, Stephen J.},
        title = "{GPZ: non-stationary sparse Gaussian processes for heteroscedastic uncertainty estimation in photometric redshifts}",
      journal = {\mnras},
     keywords = {methods: data analysis, galaxies: distances and redshifts, Astrophysics - Instrumentation and Methods for Astrophysics, I.2.6},
         year = 2016,
        month = oct,
       volume = {462},
       number = {1},
        pages = {726-739},
          doi = {10.1093/mnras/stw1618},
archivePrefix = {arXiv},
       eprint = {1604.03593},
 primaryClass = {astro-ph.IM},
       adsurl = {https://ui.adsabs.harvard.edu/abs/2016MNRAS.462..726A},
      adsnote = {Provided by the SAO/NASA Astrophysics Data System}
}

@ARTICLE{Arnouts:1999,
       author = {{Arnouts}, S. and {Cristiani}, S. and {Moscardini}, L. and {Matarrese}, S. and {Lucchin}, F. and {Fontana}, A. and {Giallongo}, E.},
        title = "{Measuring and modelling the redshift evolution of clustering: the Hubble Deep Field North}",
      journal = {\mnras},
     keywords = {GALAXIES: CLUSTERS: GENERAL, GALAXIES: PHOTOMETRY, COSMOLOGY: OBSERVATIONS, COSMOLOGY: THEORY, LARGE-SCALE STRUCTURE OF UNIVERSE, Astrophysics},
         year = 1999,
        month = dec,
       volume = {310},
       number = {2},
        pages = {540-556},
          doi = {10.1046/j.1365-8711.1999.02978.x},
archivePrefix = {arXiv},
       eprint = {astro-ph/9902290},
 primaryClass = {astro-ph},
       adsurl = {https://ui.adsabs.harvard.edu/abs/1999MNRAS.310..540A},
      adsnote = {Provided by the SAO/NASA Astrophysics Data System}
}

@ARTICLE{2011MNRAS.413..971D,
       author = {{Driver}, S.~P. and {Hill}, D.~T. and {Kelvin}, L.~S. and {Robotham}, A.~S.~G. and {Liske}, J. and {Norberg}, P. and {Baldry}, I.~K. and {Bamford}, S.~P. and {Hopkins}, A.~M. and {Loveday}, J. and {Peacock}, J.~A. and {Andrae}, E. and {Bland-Hawthorn}, J. and {Brough}, S. and {Brown}, M.~J.~I. and {Cameron}, E. and {Ching}, J.~H.~Y. and {Colless}, M. and {Conselice}, C.~J. and {Croom}, S.~M. and {Cross}, N.~J.~G. and {de Propris}, R. and {Dye}, S. and {Drinkwater}, M.~J. and {Ellis}, S. and {Graham}, Alister W. and {Grootes}, M.~W. and {Gunawardhana}, M. and {Jones}, D.~H. and {van Kampen}, E. and {Maraston}, C. and {Nichol}, R.~C. and {Parkinson}, H.~R. and {Phillipps}, S. and {Pimbblet}, K. and {Popescu}, C.~C. and {Prescott}, M. and {Roseboom}, I.~G. and {Sadler}, E.~M. and {Sansom}, A.~E. and {Sharp}, R.~G. and {Smith}, D.~J.~B. and {Taylor}, E. and {Thomas}, D. and {Tuffs}, R.~J. and {Wijesinghe}, D. and {Dunne}, L. and {Frenk}, C.~S. and {Jarvis}, M.~J. and {Madore}, B.~F. and {Meyer}, M.~J. and {Seibert}, M. and {Staveley-Smith}, L. and {Sutherland}, W.~J. and {Warren}, S.~J.},
        title = "{Galaxy and Mass Assembly (GAMA): survey diagnostics and core data release}",
      journal = {\mnras},
     keywords = {surveys, galaxies: distances and redshifts, galaxies: fundamental parameters, galaxies: general, galaxies: statistics, Astrophysics - Cosmology and Nongalactic Astrophysics},
         year = 2011,
        month = may,
       volume = {413},
       number = {2},
        pages = {971-995},
          doi = {10.1111/j.1365-2966.2010.18188.x},
archivePrefix = {arXiv},
       eprint = {1009.0614},
 primaryClass = {astro-ph.CO},
       adsurl = {https://ui.adsabs.harvard.edu/abs/2011MNRAS.413..971D},
      adsnote = {Provided by the SAO/NASA Astrophysics Data System}
}




@ARTICLE{Benitez:2000,
       author = {{Ben{\'\i}tez}, Narciso},
        title = "{Bayesian Photometric Redshift Estimation}",
      journal = {\apj},
     keywords = {Galaxies: Distances and Redshifts, Galaxies: Photometry, Methods: Statistical, Astrophysics},
         year = 2000,
        month = jun,
       volume = {536},
       number = {2},
        pages = {571-583},
          doi = {10.1086/308947},
archivePrefix = {arXiv},
       eprint = {astro-ph/9811189},
 primaryClass = {astro-ph},
       adsurl = {https://ui.adsabs.harvard.edu/abs/2000ApJ...536..571B},
      adsnote = {Provided by the SAO/NASA Astrophysics Data System}
}

@ARTICLE{Buchs:2019,
       author = {{Buchs}, R. and {Davis}, C. and {Gruen}, D. and {DeRose}, J. and {Alarcon}, A. and {Bernstein}, G.~M. and {S{\'a}nchez}, C. and {Myles}, J. and {Roodman}, A. and {Allen}, S. and {Amon}, A. and {Choi}, A. and {Masters}, D.~C. and {Miquel}, R. and {Troxel}, M.~A. and {Wechsler}, R.~H. and {Abbott}, T.~M.~C. and {Annis}, J. and {Avila}, S. and {Bechtol}, K. and {Bridle}, S.~L. and {Brooks}, D. and {Buckley-Geer}, E. and {Burke}, D.~L. and {Carnero Rosell}, A. and {Carrasco Kind}, M. and {Carretero}, J. and {Castander}, F.~J. and {Cawthon}, R. and {D'Andrea}, C.~B. and {da Costa}, L.~N. and {De Vicente}, J. and {Desai}, S. and {Diehl}, H.~T. and {Doel}, P. and {Drlica-Wagner}, A. and {Eifler}, T.~F. and {Evrard}, A.~E. and {Flaugher}, B. and {Fosalba}, P. and {Frieman}, J. and {Garc{\'\i}a-Bellido}, J. and {Gaztanaga}, E. and {Gruendl}, R.~A. and {Gschwend}, J. and {Gutierrez}, G. and {Hartley}, W.~G. and {Hollowood}, D.~L. and {Honscheid}, K. and {James}, D.~J. and {Kuehn}, K. and {Kuropatkin}, N. and {Lima}, M. and {Lin}, H. and {Maia}, M.~A.~G. and {March}, M. and {Marshall}, J.~L. and {Melchior}, P. and {Menanteau}, F. and {Ogando}, R.~L.~C. and {Plazas}, A.~A. and {Rykoff}, E.~S. and {Sanchez}, E. and {Scarpine}, V. and {Serrano}, S. and {Sevilla-Noarbe}, I. and {Smith}, M. and {Soares-Santos}, M. and {Sobreira}, F. and {Suchyta}, E. and {Swanson}, M.~E.~C. and {Tarle}, G. and {Thomas}, D. and {Vikram}, V. and {DES Collaboration}},
        title = "{Phenotypic redshifts with self-organizing maps: A novel method to characterize redshift distributions of source galaxies for weak lensing}",
      journal = {\mnras},
     keywords = {gravitational lensing: weak, galaxies: distances and redshifts, dark energy, Astrophysics - Cosmology and Nongalactic Astrophysics, Astrophysics - Astrophysics of Galaxies},
         year = 2019,
        month = oct,
       volume = {489},
       number = {1},
        pages = {820-841},
          doi = {10.1093/mnras/stz2162},
archivePrefix = {arXiv},
       eprint = {1901.05005},
 primaryClass = {astro-ph.CO},
       adsurl = {https://ui.adsabs.harvard.edu/abs/2019MNRAS.489..820B},
      adsnote = {Provided by the SAO/NASA Astrophysics Data System}
}
@article{Campos:2024,
    author = {Campos, Andresa},
    title = "{Enhancing weak lensing redshift distribution characterization by optimizing the Dark Energy Survey Self-Organizing Map Photo-z method}",
    journal = {},
    volume = {},
    number = {},
    pages = {},
    year = {2024},
    month = {},
    abstract = "{In prep}",
    issn = {},
    doi = {},
    url = {},
    eprint = {},
}
@article{Sanchez:2020,
    author = {Sánchez, Carles and Raveri, Marco and Alarcon, Alex and Bernstein, Gary M},
    title = "{Propagating sample variance uncertainties in redshift calibration: simulations, theory, and application to the COSMOS2015 data}",
    journal = {Monthly Notices of the Royal Astronomical Society},
    volume = {498},
    number = {2},
    pages = {2984-2999},
    year = {2020},
    month = {08},
    abstract = "{Cosmological analyses of galaxy surveys rely on knowledge of the redshift distribution of their galaxy sample. This is usually derived from a spectroscopic and/or many-band photometric calibrator survey of a small patch of sky. The uncertainties in the redshift distribution of the calibrator sample include a contribution from shot noise, or Poisson sampling errors, but, given the small volume they probe, they are dominated by sample variance introduced by large-scale structures. Redshift uncertainties have been shown to constitute one of the leading contributions to systematic uncertainties in cosmological inferences from weak lensing and galaxy clustering, and hence they must be propagated through the analyses. In this work, we study the effects of sample variance on small-area redshift surveys, from theory to simulations to the COSMOS2015 data set. We present a three-step Dirichlet method of resampling a given survey-based redshift calibration distribution to enable the propagation of both shot noise and sample variance uncertainties. The method can accommodate different levels of prior confidence on different redshift sources. This method can be applied to any calibration sample with known redshifts and phenotypes (i.e. cells in a self-organizing map, or some other way of discretizing photometric space), and provides a simple way of propagating prior redshift uncertainties into cosmological analyses. As a worked example, we apply the full scheme to the COSMOS2015 data set, for which we also present a new, principled SOM algorithm designed to handle noisy photometric data. We make available a catalogue of the resulting resamplings of the COSMOS2015 galaxies.}",
    issn = {0035-8711},
    doi = {10.1093/mnras/staa2542},
    url = {https://doi.org/10.1093/mnras/staa2542},
    eprint = {https://academic.oup.com/mnras/article-pdf/498/2/2984/33796276/staa2542.pdf},
}

@ARTICLE{dawson,
       author = {{Dawson}, William A. and {Schneider}, Michael D. and {Tyson}, J. Anthony and {Jee}, M. James},
        title = "{The Ellipticity Distribution of Ambiguously Blended Objects}",
      journal = {\apj},
     keywords = {cosmology: miscellaneous, galaxies: general, gravitational lensing: weak, Astrophysics - Cosmology and Nongalactic Astrophysics, Astrophysics - Astrophysics of Galaxies},
         year = 2016,
        month = jan,
       volume = {816},
       number = {1},
          eid = {11},
        pages = {11},
          doi = {10.3847/0004-637X/816/1/11},
archivePrefix = {arXiv},
       eprint = {1406.1506},
 primaryClass = {astro-ph.CO},
       adsurl = {https://ui.adsabs.harvard.edu/abs/2016ApJ...816...11D},
      adsnote = {Provided by the SAO/NASA Astrophysics Data System}
}

@article{Wright_2020,
   title={Photometric redshift calibration with self-organising maps},
   volume={637},
   ISSN={1432-0746},
   url={http://dx.doi.org/10.1051/0004-6361/201936782},
   DOI={10.1051/0004-6361/201936782},
   journal={Astronomy &amp; Astrophysics},
   publisher={EDP Sciences},
   author={Wright, Angus H. and Hildebrandt, Hendrik and van den Busch, Jan Luca and Heymans, Catherine},
   year={2020},
   month=may, pages={A100} }

@ARTICLE{2012MNRAS.427..146H,
       author = {{Heymans}, Catherine and {Van Waerbeke}, Ludovic and {Miller}, Lance and {Erben}, Thomas and {Hildebrandt}, Hendrik and {Hoekstra}, Henk and {Kitching}, Thomas D. and {Mellier}, Yannick and {Simon}, Patrick and {Bonnett}, Christopher and {Coupon}, Jean and {Fu}, Liping and {Harnois D{\'e}raps}, Joachim and {Hudson}, Michael J. and {Kilbinger}, Martin and {Kuijken}, Koenraad and {Rowe}, Barnaby and {Schrabback}, Tim and {Semboloni}, Elisabetta and {van Uitert}, Edo and {Vafaei}, Sanaz and {Velander}, Malin},
        title = "{CFHTLenS: the Canada-France-Hawaii Telescope Lensing Survey}",
      journal = {\mnras},
     keywords = {gravitational lensing: weak, cosmology: observations, Astrophysics - Cosmology and Nongalactic Astrophysics},
         year = 2012,
        month = nov,
       volume = {427},
       number = {1},
        pages = {146-166},
          doi = {10.1111/j.1365-2966.2012.21952.x},
archivePrefix = {arXiv},
       eprint = {1210.0032},
 primaryClass = {astro-ph.CO},
       adsurl = {https://ui.adsabs.harvard.edu/abs/2012MNRAS.427..146H},
      adsnote = {Provided by the SAO/NASA Astrophysics Data System}
}



@misc{moskowitz2024improvingphotometricredshiftestimates,
      title={Improving Photometric Redshift Estimates with Training Sample Augmentation}, 
      author={Irene Moskowitz and Eric Gawiser and John Franklin Crenshaw and Brett H. Andrews and Alex I. Malz and Samuel Schmidt and The LSST Dark Energy Science Collaboration},
      year={2024},
      eprint={2402.15551},
      archivePrefix={arXiv},
      primaryClass={astro-ph.IM},
      doi={https://doi.org/10.3847/2041-8213/ad4039},
      url={https://arxiv.org/abs/2402.15551}, 
}

@ARTICLE{2009ApJS..184..218L,
       author = {{Lilly}, Simon J. and {Le Brun}, Vincent and {Maier}, Christian and {Mainieri}, Vincenzo and {Mignoli}, Marco and {Scodeggio}, Marco and {Zamorani}, Gianni and {Carollo}, Marcella and {Contini}, Thierry and {Kneib}, Jean-Paul and {Le F{\`e}vre}, Olivier and {Renzini}, Alvio and {Bardelli}, Sandro and {Bolzonella}, Micol and {Bongiorno}, Angela and {Caputi}, Karina and {Coppa}, Graziano and {Cucciati}, Olga and {de la Torre}, Sylvain and {de Ravel}, Loic and {Franzetti}, Paolo and {Garilli}, Bianca and {Iovino}, Angela and {Kampczyk}, Pawel and {Kovac}, Katarina and {Knobel}, Christian and {Lamareille}, Fabrice and {Le Borgne}, Jean-Francois and {Pello}, Roser and {Peng}, Yingjie and {P{\'e}rez-Montero}, Enrique and {Ricciardelli}, Elena and {Silverman}, John D. and {Tanaka}, Masayuki and {Tasca}, Lidia and {Tresse}, Laurence and {Vergani}, Daniela and {Zucca}, Elena and {Ilbert}, Olivier and {Salvato}, Mara and {Oesch}, Pascal and {Abbas}, Umi and {Bottini}, Dario and {Capak}, Peter and {Cappi}, Alberto and {Cassata}, Paolo and {Cimatti}, Andrea and {Elvis}, Martin and {Fumana}, Marco and {Guzzo}, Luigi and {Hasinger}, Gunther and {Koekemoer}, Anton and {Leauthaud}, Alexei and {Maccagni}, Dario and {Marinoni}, Christian and {McCracken}, Henry and {Memeo}, Pierdomenico and {Meneux}, Baptiste and {Porciani}, Cristiano and {Pozzetti}, Lucia and {Sanders}, David and {Scaramella}, Roberto and {Scarlata}, Claudia and {Scoville}, Nick and {Shopbell}, Patrick and {Taniguchi}, Yoshiaki},
        title = "{The zCOSMOS 10k-Bright Spectroscopic Sample}",
      journal = {\apjs},
     keywords = {cosmology: observations, galaxies: active, galaxies: distances and redshifts, galaxies: evolution, large-scale structure of universe, quasars: general, surveys},
         year = 2009,
        month = oct,
       volume = {184},
       number = {2},
        pages = {218-229},
          doi = {10.1088/0067-0049/184/2/218},
       adsurl = {https://ui.adsabs.harvard.edu/abs/2009ApJS..184..218L},
      adsnote = {Provided by the SAO/NASA Astrophysics Data System}
}



@ARTICLE{2005A&A...439..845L,
       author = {{Le F{\`e}vre}, O. and {Vettolani}, G. and {Garilli}, B. and {Tresse}, L. and {Bottini}, D. and {Le Brun}, V. and {Maccagni}, D. and {Picat}, J.~P. and {Scaramella}, R. and {Scodeggio}, M. and {Zanichelli}, A. and {Adami}, C. and {Arnaboldi}, M. and {Arnouts}, S. and {Bardelli}, S. and {Bolzonella}, M. and {Cappi}, A. and {Charlot}, S. and {Ciliegi}, P. and {Contini}, T. and {Foucaud}, S. and {Franzetti}, P. and {Gavignaud}, I. and {Guzzo}, L. and {Ilbert}, O. and {Iovino}, A. and {McCracken}, H.~J. and {Marano}, B. and {Marinoni}, C. and {Mathez}, G. and {Mazure}, A. and {Meneux}, B. and {Merighi}, R. and {Paltani}, S. and {Pell{\`o}}, R. and {Pollo}, A. and {Pozzetti}, L. and {Radovich}, M. and {Zamorani}, G. and {Zucca}, E. and {Bondi}, M. and {Bongiorno}, A. and {Busarello}, G. and {Lamareille}, F. and {Mellier}, Y. and {Merluzzi}, P. and {Ripepi}, V. and {Rizzo}, D.},
        title = "{The VIMOS VLT deep survey. First epoch VVDS-deep survey: 11 564 spectra with 17.5 {\ensuremath{\leq}} IAB {\ensuremath{\leq}} 24, and the redshift distribution over 0 {\ensuremath{\leq}} z {\ensuremath{\leq}} 5}",
      journal = {\aap},
     keywords = {cosmology: observations, galaxies: high-redshift, galaxies: distances and redshift, surveys, galaxies:, evolution, cosmology: large scale structure of Universe, Astrophysics},
         year = 2005,
        month = sep,
       volume = {439},
       number = {3},
        pages = {845-862},
          doi = {10.1051/0004-6361:20041960},
archivePrefix = {arXiv},
       eprint = {astro-ph/0409133},
 primaryClass = {astro-ph},
       adsurl = {https://ui.adsabs.harvard.edu/abs/2005A&A...439..845L},
      adsnote = {Provided by the SAO/NASA Astrophysics Data System}
}



@ARTICLE{2013ApJS..208....5N,
       author = {{Newman}, Jeffrey A. and {Cooper}, Michael C. and {Davis}, Marc and {Faber}, S.~M. and {Coil}, Alison L. and {Guhathakurta}, Puragra and {Koo}, David C. and {Phillips}, Andrew C. and {Conroy}, Charlie and {Dutton}, Aaron A. and {Finkbeiner}, Douglas P. and {Gerke}, Brian F. and {Rosario}, David J. and {Weiner}, Benjamin J. and {Willmer}, C.~N.~A. and {Yan}, Renbin and {Harker}, Justin J. and {Kassin}, Susan A. and {Konidaris}, N.~P. and {Lai}, Kamson and {Madgwick}, Darren S. and {Noeske}, K.~G. and {Wirth}, Gregory D. and {Connolly}, A.~J. and {Kaiser}, N. and {Kirby}, Evan N. and {Lemaux}, Brian C. and {Lin}, Lihwai and {Lotz}, Jennifer M. and {Luppino}, G.~A. and {Marinoni}, C. and {Matthews}, Daniel J. and {Metevier}, Anne and {Schiavon}, Ricardo P.},
        title = "{The DEEP2 Galaxy Redshift Survey: Design, Observations, Data Reduction, and Redshifts}",
      journal = {\apjs},
     keywords = {cosmology: observations, galaxies: distances and redshifts, galaxies: evolution, galaxies: fundamental parameters, galaxies: high-redshift, galaxies: statistics, large-scale structure of universe, methods: data analysis, surveys, Astrophysics - Cosmology and Nongalactic Astrophysics, Astrophysics - Astrophysics of Galaxies},
         year = 2013,
        month = sep,
       volume = {208},
       number = {1},
          eid = {5},
        pages = {5},
          doi = {10.1088/0067-0049/208/1/5},
archivePrefix = {arXiv},
       eprint = {1203.3192},
 primaryClass = {astro-ph.CO},
       adsurl = {https://ui.adsabs.harvard.edu/abs/2013ApJS..208....5N},
      adsnote = {Provided by the SAO/NASA Astrophysics Data System}
}



@ARTICLE{2013AJ....145...10D,
       author = {{Dawson}, Kyle S. and {Schlegel}, David J. and {Ahn}, Christopher P. and {Anderson}, Scott F. and {Aubourg}, {\'E}ric and {Bailey}, Stephen and {Barkhouser}, Robert H. and {Bautista}, Julian E. and {Beifiori}, Alessandra and {Berlind}, Andreas A. and {Bhardwaj}, Vaishali and {Bizyaev}, Dmitry and {Blake}, Cullen H. and {Blanton}, Michael R. and {Blomqvist}, Michael and {Bolton}, Adam S. and {Borde}, Arnaud and {Bovy}, Jo and {Brandt}, W.~N. and {Brewington}, Howard and {Brinkmann}, Jon and {Brown}, Peter J. and {Brownstein}, Joel R. and {Bundy}, Kevin and {Busca}, N.~G. and {Carithers}, William and {Carnero}, Aurelio R. and {Carr}, Michael A. and {Chen}, Yanmei and {Comparat}, Johan and {Connolly}, Natalia and {Cope}, Frances and {Croft}, Rupert A.~C. and {Cuesta}, Antonio J. and {da Costa}, Luiz N. and {Davenport}, James R.~A. and {Delubac}, Timoth{\'e}e and {de Putter}, Roland and {Dhital}, Saurav and {Ealet}, Anne and {Ebelke}, Garrett L. and {Eisenstein}, Daniel J. and {Escoffier}, S. and {Fan}, Xiaohui and {Filiz Ak}, N. and {Finley}, Hayley and {Font-Ribera}, Andreu and {G{\'e}nova-Santos}, R. and {Gunn}, James E. and {Guo}, Hong and {Haggard}, Daryl and {Hall}, Patrick B. and {Hamilton}, Jean-Christophe and {Harris}, Ben and {Harris}, David W. and {Ho}, Shirley and {Hogg}, David W. and {Holder}, Diana and {Honscheid}, Klaus and {Huehnerhoff}, Joe and {Jordan}, Beatrice and {Jordan}, Wendell P. and {Kauffmann}, Guinevere and {Kazin}, Eyal A. and {Kirkby}, David and {Klaene}, Mark A. and {Kneib}, Jean-Paul and {Le Goff}, Jean-Marc and {Lee}, Khee-Gan and {Long}, Daniel C. and {Loomis}, Craig P. and {Lundgren}, Britt and {Lupton}, Robert H. and {Maia}, Marcio A.~G. and {Makler}, Martin and {Malanushenko}, Elena and {Malanushenko}, Viktor and {Mandelbaum}, Rachel and {Manera}, Marc and {Maraston}, Claudia and {Margala}, Daniel and {Masters}, Karen L. and {McBride}, Cameron K. and {McDonald}, Patrick and {McGreer}, Ian D. and {McMahon}, Richard G. and {Mena}, Olga and {Miralda-Escud{\'e}}, Jordi and {Montero-Dorta}, Antonio D. and {Montesano}, Francesco and {Muna}, Demitri and {Myers}, Adam D. and {Naugle}, Tracy and {Nichol}, Robert C. and {Noterdaeme}, Pasquier and {Nuza}, Sebasti{\'a}n E. and {Olmstead}, Matthew D. and {Oravetz}, Audrey and {Oravetz}, Daniel J. and {Owen}, Russell and {Padmanabhan}, Nikhil and {Palanque-Delabrouille}, Nathalie and {Pan}, Kaike and {Parejko}, John K. and {P{\^a}ris}, Isabelle and {Percival}, Will J. and {P{\'e}rez-Fournon}, Ismael and {P{\'e}rez-R{\`a}fols}, Ignasi and {Petitjean}, Patrick and {Pfaffenberger}, Robert and {Pforr}, Janine and {Pieri}, Matthew M. and {Prada}, Francisco and {Price-Whelan}, Adrian M. and {Raddick}, M. Jordan and {Rebolo}, Rafael and {Rich}, James and {Richards}, Gordon T. and {Rockosi}, Constance M. and {Roe}, Natalie A. and {Ross}, Ashley J. and {Ross}, Nicholas P. and {Rossi}, Graziano and {Rubi{\~n}o-Martin}, J.~A. and {Samushia}, Lado and {S{\'a}nchez}, Ariel G. and {Sayres}, Conor and {Schmidt}, Sarah J. and {Schneider}, Donald P. and {Sc{\'o}ccola}, C.~G. and {Seo}, Hee-Jong and {Shelden}, Alaina and {Sheldon}, Erin and {Shen}, Yue and {Shu}, Yiping and {Slosar}, An{\v{z}}e and {Smee}, Stephen A. and {Snedden}, Stephanie A. and {Stauffer}, Fritz and {Steele}, Oliver and {Strauss}, Michael A. and {Streblyanska}, Alina and {Suzuki}, Nao and {Swanson}, Molly E.~C. and {Tal}, Tomer and {Tanaka}, Masayuki and {Thomas}, Daniel and {Tinker}, Jeremy L. and {Tojeiro}, Rita and {Tremonti}, Christy A. and {Vargas Maga{\~n}a}, M. and {Verde}, Licia and {Viel}, Matteo and {Wake}, David A. and {Watson}, Mike and {Weaver}, Benjamin A. and {Weinberg}, David H. and {Weiner}, Benjamin J. and {West}, Andrew A. and {White}, Martin and {Wood-Vasey}, W.~M. and {Yeche}, Christophe and {Zehavi}, Idit and {Zhao}, Gong-Bo and {Zheng}, Zheng},
        title = "{The Baryon Oscillation Spectroscopic Survey of SDSS-III}",
      journal = {\aj},
     keywords = {cosmology: observations, surveys, Astrophysics - Cosmology and Nongalactic Astrophysics},
         year = 2013,
        month = jan,
       volume = {145},
       number = {1},
          eid = {10},
        pages = {10},
          doi = {10.1088/0004-6256/145/1/10},
archivePrefix = {arXiv},
       eprint = {1208.0022},
 primaryClass = {astro-ph.CO},
       adsurl = {https://ui.adsabs.harvard.edu/abs/2013AJ....145...10D},
      adsnote = {Provided by the SAO/NASA Astrophysics Data System}
}



@ARTICLE{Carrasco-Kind:2013,
       author = {{Carrasco Kind}, Matias and {Brunner}, Robert J.},
        title = "{TPZ: photometric redshift PDFs and ancillary information by using prediction trees and random forests}",
      journal = {\mnras},
     keywords = {methods: data analysis, methods: statistical, surveys, galaxies: distances and redshift, galaxies: statistics, Astrophysics - Cosmology and Nongalactic Astrophysics},
         year = 2013,
        month = jun,
       volume = {432},
       number = {2},
        pages = {1483-1501},
          doi = {10.1093/mnras/stt574},
archivePrefix = {arXiv},
       eprint = {1303.7269},
 primaryClass = {astro-ph.CO},
       adsurl = {https://ui.adsabs.harvard.edu/abs/2013MNRAS.432.1483C},
      adsnote = {Provided by the SAO/NASA Astrophysics Data System}
}

@inproceedings{Chen:2016, author = {Chen, Tianqi and Guestrin, Carlos}, title = {XGBoost: A Scalable Tree Boosting System}, year = {2016}, isbn = {9781450342322}, publisher = {Association for Computing Machinery}, address = {New York, NY, USA}, url = {https://doi.org/10.1145/2939672.2939785}, doi = {10.1145/2939672.2939785}, abstract = {Tree boosting is a highly effective and widely used machine learning method. In this paper, we describe a scalable end-to-end tree boosting system called XGBoost, which is used widely by data scientists to achieve state-of-the-art results on many machine learning challenges. We propose a novel sparsity-aware algorithm for sparse data and weighted quantile sketch for approximate tree learning. More importantly, we provide insights on cache access patterns, data compression and sharding to build a scalable tree boosting system. By combining these insights, XGBoost scales beyond billions of examples using far fewer resources than existing systems.}, booktitle = {Proceedings of the 22nd ACM SIGKDD International Conference on Knowledge Discovery and Data Mining}, pages = {785–794}, numpages = {10}, keywords = {large-scale machine learning}, location = {San Francisco, California, USA}, series = {KDD '16} }


@ARTICLE{Coe:2006,
       author = {{Coe}, Dan and {Ben{\'\i}tez}, Narciso and {S{\'a}nchez}, Sebasti{\'a}n F. and {Jee}, Myungkook and {Bouwens}, Rychard and {Ford}, Holland},
        title = "{Galaxies in the Hubble Ultra Deep Field. I. Detection, Multiband Photometry, Photometric Redshifts, and Morphology}",
      journal = {\aj},
     keywords = {Cosmology: Observations, Galaxies: Distances and Redshifts, Galaxies: Evolution, Galaxies: Photometry, Galaxies: Statistics, Galaxies: Structure, Astrophysics},
         year = 2006,
        month = aug,
       volume = {132},
       number = {2},
        pages = {926-959},
          doi = {10.1086/505530},
archivePrefix = {arXiv},
       eprint = {astro-ph/0605262},
 primaryClass = {astro-ph},
       adsurl = {https://ui.adsabs.harvard.edu/abs/2006AJ....132..926C},
      adsnote = {Provided by the SAO/NASA Astrophysics Data System}
}

@ARTICLE{Dalmasso:2020,
       author = {{Dalmasso}, N. and {Pospisil}, T. and {Lee}, A.~B. and {Izbicki}, R. and {Freeman}, P.~E. and {Malz}, A.~I.},
        title = "{Conditional density estimation tools in python and R with applications to photometric redshifts and likelihood-free cosmological inference}",
      journal = {Astronomy and Computing},
     keywords = {Nonparametric statistics, Statistical software, Statistical computing, Methods: Data analysis, Galaxies: Distances and redshifts, Cosmology: Cosmological parameters, Astrophysics - Instrumentation and Methods for Astrophysics, Statistics - Computation, Statistics - Machine Learning},
         year = 2020,
        month = jan,
       volume = {30},
          eid = {100362},
        pages = {100362},
          doi = {10.1016/j.ascom.2019.100362},
archivePrefix = {arXiv},
       eprint = {1908.11523},
 primaryClass = {astro-ph.IM},
       adsurl = {https://ui.adsabs.harvard.edu/abs/2020A&C....3000362D},
      adsnote = {Provided by the SAO/NASA Astrophysics Data System}
}


@ARTICLE{Graham:2018,
       author = {{Graham}, Melissa L. and {Connolly}, Andrew J. and {Ivezi{\'c}}, {\v{Z}}eljko and {Schmidt}, Samuel J. and {Jones}, R. Lynne and {Juri{\'c}}, Mario and {Daniel}, Scott F. and {Yoachim}, Peter},
        title = "{Photometric Redshifts with the LSST: Evaluating Survey Observing Strategies}",
      journal = {\aj},
     keywords = {cosmology: observations, galaxies: distances and redshifts, galaxies: photometry, techniques: photometric, Astrophysics - Cosmology and Nongalactic Astrophysics, Astrophysics - Astrophysics of Galaxies},
         year = 2018,
        month = jan,
       volume = {155},
       number = {1},
          eid = {1},
        pages = {1},
          doi = {10.3847/1538-3881/aa99d4},
archivePrefix = {arXiv},
       eprint = {1706.09507},
 primaryClass = {astro-ph.CO},
       adsurl = {https://ui.adsabs.harvard.edu/abs/2018AJ....155....1G},
      adsnote = {Provided by the SAO/NASA Astrophysics Data System}
}

@article{Izbicki:2017,
author = {Rafael Izbicki and Ann B. Lee},
title = {{Converting high-dimensional regression to high-dimensional conditional density estimation}},
volume = {11},
journal = {Electronic Journal of Statistics},
number = {2},
publisher = {Institute of Mathematical Statistics and Bernoulli Society},
pages = {2800 -- 2831},
keywords = {Conditional density, functional conditional density estimation, High-dimensional data, nonparametric inference, prediction intervals},
year = {2017},
doi = {10.1214/17-EJS1302},
URL = {https://doi.org/10.1214/17-EJS1302}
}

@ARTICLE{Leistedt:2017,
       author = {{Leistedt}, Boris and {Hogg}, David W.},
        title = "{Data-driven, Interpretable Photometric Redshifts Trained on Heterogeneous and Unrepresentative Data}",
      journal = {\apj},
     keywords = {galaxies: distances and redshifts, large-scale structure of universe, 98.62.Py, 98.80.Es, Astrophysics - Cosmology and Nongalactic Astrophysics},
         year = 2017,
        month = mar,
       volume = {838},
       number = {1},
          eid = {5},
        pages = {5},
          doi = {10.3847/1538-4357/aa6332},
archivePrefix = {arXiv},
       eprint = {1612.00847},
 primaryClass = {astro-ph.CO},
       adsurl = {https://ui.adsabs.harvard.edu/abs/2017ApJ...838....5L},
      adsnote = {Provided by the SAO/NASA Astrophysics Data System}
}

@ARTICLE{Lima:2008,
       author = {{Lima}, Marcos and {Cunha}, Carlos E. and {Oyaizu}, Hiroaki and {Frieman}, Joshua and {Lin}, Huan and {Sheldon}, Erin S.},
        title = "{Estimating the redshift distribution of photometric galaxy samples}",
      journal = {\mnras},
     keywords = {galaxies: distances and redshifts, galaxies: statistics, distance scale, large-scale structure of Universe, Astrophysics},
         year = 2008,
        month = oct,
       volume = {390},
       number = {1},
        pages = {118-130},
          doi = {10.1111/j.1365-2966.2008.13510.x},
archivePrefix = {arXiv},
       eprint = {0801.3822},
 primaryClass = {astro-ph},
       adsurl = {https://ui.adsabs.harvard.edu/abs/2008MNRAS.390..118L},
      adsnote = {Provided by the SAO/NASA Astrophysics Data System}
}

@ARTICLE{FoF,
       author = {{Mao}, Yao-Yuan and {Geha}, Marla and {Wechsler}, Risa H. and {Weiner}, Benjamin and {Tollerud}, Erik J. and {Nadler}, Ethan O. and {Kallivayalil}, Nitya},
        title = "{The SAGA Survey. II. Building a Statistical Sample of Satellite Systems around Milky Way-like Galaxies}",
      journal = {\apj},
     keywords = {Redshift surveys, Dwarf galaxies, Luminosity function, Galaxy physics, Galaxy dark matter halos, 1378, 416, 942, 612, 1880, Astrophysics - Astrophysics of Galaxies, Astrophysics - Cosmology and Nongalactic Astrophysics},
         year = 2021,
        month = feb,
       volume = {907},
       number = {2},
          eid = {85},
        pages = {85},
          doi = {10.3847/1538-4357/abce58},
archivePrefix = {arXiv},
       eprint = {2008.12783},
 primaryClass = {astro-ph.GA},
       adsurl = {https://ui.adsabs.harvard.edu/abs/2021ApJ...907...85M},
      adsnote = {Provided by the SAO/NASA Astrophysics Data System}
}



@ARTICLE{Madau:1995,
       author = {{Madau}, Piero},
        title = "{Radiative Transfer in a Clumpy Universe: The Colors of High-Redshift Galaxies}",
      journal = {\apj},
     keywords = {Color, Cosmology, Galactic Evolution, Lyman Spectra, Radiative Transfer, Red Shift, Universe, Absorption Spectra, Background Radiation, Resonance Scattering, Stochastic Processes, Ultraviolet Astronomy, Astrophysics, COSMOLOGY: OBSERVATIONS, GALAXIES: EVOLUTION, GALAXIES: INTERGALACTIC MEDIUM, GALAXIES: QUASARS: ABSORPTION LINES, RADIATIVE TRANSFER, ULTRAVIOLET: GALAXIES},
         year = 1995,
        month = mar,
       volume = {441},
        pages = {18},
          doi = {10.1086/175332},
       adsurl = {https://ui.adsabs.harvard.edu/abs/1995ApJ...441...18M},
      adsnote = {Provided by the SAO/NASA Astrophysics Data System}
}

@misc{malz_qp_2017,
	title = {qp},
	url = {http://www.github.com/aimalz/qp},
	author = {Malz, Alex and Marshall, Phil},
	year = {2017},
}

@article{malz_approximating_2018,
	title = {Approximating {Photo}- z {PDFs} for {Large} {Surveys}},
	volume = {156},
	issn = {1538-3881},
	url = {http://stacks.iop.org/1538-3881/156/i=1/a=35},
	number = {1},
	journal = {AJ},
	author = {Malz, A. I. and Marshall, P. J. and DeRose, J. and Graham, M. L. and Schmidt, S. J. and Wechsler, R. and Collaboration), (LSST Dark Energy Science},
	year = {2018},
	pages = {35},
}

@ARTICLE{Myles:2021,
       author = {{Myles}, J. and {Alarcon}, A. and {Amon}, A. and {S{\'a}nchez}, C. and {Everett}, S. and {DeRose}, J. and {McCullough}, J. and {Gruen}, D. and {Bernstein}, G.~M. and {Troxel}, M.~A. and {Dodelson}, S. and {Campos}, A. and {MacCrann}, N. and {Yin}, B. and {Raveri}, M. and {Amara}, A. and {Becker}, M.~R. and {Choi}, A. and {Cordero}, J. and {Eckert}, K. and {Gatti}, M. and {Giannini}, G. and {Gschwend}, J. and {Gruendl}, R.~A. and {Harrison}, I. and {Hartley}, W.~G. and {Huff}, E.~M. and {Kuropatkin}, N. and {Lin}, H. and {Masters}, D. and {Miquel}, R. and {Prat}, J. and {Roodman}, A. and {Rykoff}, E.~S. and {Sevilla-Noarbe}, I. and {Sheldon}, E. and {Wechsler}, R.~H. and {Yanny}, B. and {Abbott}, T.~M.~C. and {Aguena}, M. and {Allam}, S. and {Annis}, J. and {Bacon}, D. and {Bertin}, E. and {Bhargava}, S. and {Bridle}, S.~L. and {Brooks}, D. and {Burke}, D.~L. and {Carnero Rosell}, A. and {Carrasco Kind}, M. and {Carretero}, J. and {Castander}, F.~J. and {Conselice}, C. and {Costanzi}, M. and {Crocce}, M. and {da Costa}, L.~N. and {Pereira}, M.~E.~S. and {Desai}, S. and {Diehl}, H.~T. and {Eifler}, T.~F. and {Elvin-Poole}, J. and {Evrard}, A.~E. and {Ferrero}, I. and {Fert{\'e}}, A. and {Flaugher}, B. and {Fosalba}, P. and {Frieman}, J. and {Garc{\'\i}a-Bellido}, J. and {Gaztanaga}, E. and {Giannantonio}, T. and {Hinton}, S.~R. and {Hollowood}, D.~L. and {Honscheid}, K. and {Hoyle}, B. and {Huterer}, D. and {James}, D.~J. and {Krause}, E. and {Kuehn}, K. and {Lahav}, O. and {Lima}, M. and {Maia}, M.~A.~G. and {Marshall}, J.~L. and {Martini}, P. and {Melchior}, P. and {Menanteau}, F. and {Mohr}, J.~J. and {Morgan}, R. and {Muir}, J. and {Ogando}, R.~L.~C. and {Palmese}, A. and {Paz-Chinch{\'o}n}, F. and {Plazas}, A.~A. and {Rodriguez-Monroy}, M. and {Samuroff}, S. and {Sanchez}, E. and {Scarpine}, V. and {Secco}, L.~F. and {Serrano}, S. and {Smith}, M. and {Soares-Santos}, M. and {Suchyta}, E. and {Swanson}, M.~E.~C. and {Tarle}, G. and {Thomas}, D. and {To}, C. and {Varga}, T.~N. and {Weller}, J. and {Wester}, W.},
        title = "{Dark Energy Survey Year 3 results: redshift calibration of the weak lensing source galaxies}",
      journal = {\mnras},
     keywords = {gravitational lensing: weak, galaxies: distances and redshifts, dark energy, Astrophysics - Cosmology and Nongalactic Astrophysics},
         year = 2021,
        month = aug,
       volume = {505},
       number = {3},
        pages = {4249-4277},
          doi = {10.1093/mnras/stab1515},
archivePrefix = {arXiv},
       eprint = {2012.08566},
 primaryClass = {astro-ph.CO},
       adsurl = {https://ui.adsabs.harvard.edu/abs/2021MNRAS.505.4249M},
      adsnote = {Provided by the SAO/NASA Astrophysics Data System}
}

@ARTICLE{Rau:2022,
       author = {{Rau}, M.~M. and {Morrison}, C.~B. and {Schmidt}, S.~J. and {Wilson}, S. and {Mandelbaum}, R. and {Mao}, Y. -Y. and {Mao}, Y. -Y. and {LSST Dark Energy Science Collaboration}},
        title = "{A composite likelihood approach for inference under photometric redshift uncertainty}",
      journal = {\mnras},
     keywords = {methods: data analysis, methods: numerical, cosmology: observations, (cosmology:) large-scale structure of Universe, Astrophysics - Cosmology and Nongalactic Astrophysics, Astrophysics - Astrophysics of Galaxies, Astrophysics - Instrumentation and Methods for Astrophysics},
         year = 2022,
        month = feb,
       volume = {509},
       number = {4},
        pages = {4886-4907},
          doi = {10.1093/mnras/stab3290},
archivePrefix = {arXiv},
       eprint = {2101.01184},
 primaryClass = {astro-ph.CO},
       adsurl = {https://ui.adsabs.harvard.edu/abs/2022MNRAS.509.4886R},
      adsnote = {Provided by the SAO/NASA Astrophysics Data System}
}

@article{schmidt_evaluation_2020,
	title = {Evaluation of probabilistic photometric redshift estimation approaches for {The} {Rubin} {Observatory} {Legacy} {Survey} of {Space} and {Time} ({LSST})},
	volume = {499},
	issn = {0035-8711},
	url = {https://academic.oup.com/mnras/article/499/2/1587/5905416},
	number = {2},
	journal = {Mon Not R Astron Soc},
	author = {Schmidt, S. J. and Malz, A. I. and Soo, J. Y. H. and Almosallam, I. A. and Brescia, M. and Cavuoti, S. and Cohen-Tanugi, J. and Connolly, A. J. and DeRose, J. and Freeman, P. E. and Graham, M. L. and Iyer, K. G. and Jarvis, M. J. and Kalmbach, J. B. and Kovacs, E. and Lee, A. B. and Longo, G. and Morrison, C. B. and Newman, J. A. and Nourbakhsh, E. and Nuss, E. and Pospisil, T. and Tranin, H. and Wechsler, R. H. and Zhou, R. and Izbicki, R. and LSST~Dark~Energy~Science~Collaboration, The},
	month = oct,
	year = {2020},
	note = {Publisher: Oxford Academic},
	pages = {1587--1606},
}

@article{the_lsst_dark_energy_science_collaboration_lsst_2018,
	title = {The {LSST} {Dark} {Energy} {Science} {Collaboration} ({DESC}) {Science} {Requirements} {Document}},
	url = {http://arxiv.org/abs/1809.01669},
	journal = {arXiv:1809.01669 [astro-ph]},
	author = {{The LSST Dark Energy Science Collaboration} and Mandelbaum, Rachel and Eifler, Tim and Hlo{\v z}ek, Ren{\'e}e and Collett, Thomas and Gawiser, Eric and Scolnic, Daniel and Alonso, David and Awan, Humna and Biswas, Rahul and Blazek, Jonathan and Burchat, Patricia and Chisari, Nora Elisa and Dell'Antonio, Ian and Digel, Seth and Frieman, Josh and Goldstein, Daniel A. and Hook, Isobel and Ivezi{\'c}, {\v Z}eljko and Kahn, Steven M. and Kamath, Sowmya and Kirkby, David and Kitching, Thomas and Krause, Elisabeth and Leget, Pierre-Fran{\c c}ois and Marshall, Philip J. and Meyers, Joshua and Miyatake, Hironao and Newman, Jeffrey A. and Nichol, Robert and Rykoff, Eli and Sanchez, F. Javier and Slosar, An{\v z}e and Sullivan, Mark and Troxel, M. A.},
	month = sep,
	year = {2018},
}

@article{collaboration_lsst_2021,
	title = {{LSST} {DESC} {Science} {Roadmap}},
	url = {https://zenodo.org/record/5527255},
    journal = {Zenodo},
	author = {{The LSST Dark Energy Science Collaboration}},
	month = sep,
	year = {2021},
	note = {Publisher: Zenodo},
}

@article{aguena_clmm_2021,
	title = {{CLMM}: a {LSST}-{DESC} cluster weak lensing mass modeling library for cosmology},
	volume = {508},
	issn = {0035-8711},
	shorttitle = {{CLMM}},
	url = {https://doi.org/10.1093/mnras/stab2764},
	number = {4},
	journal = {Monthly Notices of the Royal Astronomical Society},
	author = {Aguena, M and Avestruz, C and Combet, C and Fu, S and Herbonnet, R and Malz, A I and Penna-Lima, M and Ricci, M and Vitenti, S D P and Baumont, L and Fan, H and Fong, M and Ho, M and Kirby, M and Payerne, C and Boutigny, D and Lee, B and Liu, B and McClintock, T and Miyatake, H and Sif{\'o}n, C and von~der~Linden, A and Wu, H and Yoon, M and {The LSST Dark Energy Science Collaboration}},
	month = dec,
	year = {2021},
	pages = {6092--6110},
}

@article{newman_photometric_2022,
	title = {Photometric {Redshifts} for {Next}-{Generation} {Surveys}},
	copyright = {Copyright {\textcopyright} 2022 by Annual Reviews. All rights reserved},
	url = {https://www.annualreviews.org/doi/abs/10.1146/annurev-astro-032122-014611},
	journal = {Annual Review of Astronomy and Astrophysics},
	author = {Newman, Jeffrey A. and Gruen, Daniel},
	month = aug,
	year = {2022},
	note = {Publisher: Annual Reviews},
}


@ARTICLE{2001MachL..45....5B,
       author = {{Breiman}, Leo},
        title = "{Random Forests.}",
      journal = {Machine Learning},
     keywords = {machine learning},
         year = 2001,
        month = jan,
       volume = {45},
        pages = {5-32},
          doi = {10.1023/A:1010933404324},
       adsurl = {https://ui.adsabs.harvard.edu/abs/2001MachL..45....5B},
      adsnote = {Provided by the SAO/NASA Astrophysics Data System}
}

@ARTICLE{crenshaw2024b,
       author = {{Crenshaw}, John Franklin and {Kalmbach}, J. Bryce and {Gagliano}, Alexander and {Yan}, Ziang and {Connolly}, Andrew J. and {Malz}, Alex I. and {Schmidt}, Samuel J. and {The LSST Dark Energy Science Collaboration}},
        title = "{Probabilistic Forward Modeling of Galaxy Catalogs with Normalizing Flows}",
      journal = {\aj},
     keywords = {Neural networks, Galaxy photometry, Surveys, Computational methods, 1933, 611, 1671, 1965, Astrophysics - Instrumentation and Methods for Astrophysics, Astrophysics - Cosmology and Nongalactic Astrophysics},
         year = 2024,
        month = aug,
       volume = {168},
       number = {2},
          eid = {80},
        pages = {80},
          doi = {10.3847/1538-3881/ad54bf},
archivePrefix = {arXiv},
       eprint = {2405.04740},
 primaryClass = {astro-ph.IM},
       adsurl = {https://ui.adsabs.harvard.edu/abs/2024AJ....168...80C},
      adsnote = {Provided by the SAO/NASA Astrophysics Data System}
}

@ARTICLE{ivezic2019,
       author = {{Ivezi{\'c}}, {\v{Z}}eljko and {Kahn}, Steven M. and {Tyson}, J. Anthony and {Abel}, Bob and {Acosta}, Emily and {Allsman}, Robyn and {Alonso}, David and {AlSayyad}, Yusra and {Anderson}, Scott F. and {Andrew}, John and {Angel}, James Roger P. and {Angeli}, George Z. and {Ansari}, Reza and {Antilogus}, Pierre and {Araujo}, Constanza and {Armstrong}, Robert and {Arndt}, Kirk T. and {Astier}, Pierre and {Aubourg}, {\'E}ric and {Auza}, Nicole and {Axelrod}, Tim S. and {Bard}, Deborah J. and {Barr}, Jeff D. and {Barrau}, Aurelian and {Bartlett}, James G. and {Bauer}, Amanda E. and {Bauman}, Brian J. and {Baumont}, Sylvain and {Bechtol}, Ellen and {Bechtol}, Keith and {Becker}, Andrew C. and {Becla}, Jacek and {Beldica}, Cristina and {Bellavia}, Steve and {Bianco}, Federica B. and {Biswas}, Rahul and {Blanc}, Guillaume and {Blazek}, Jonathan and {Blandford}, Roger D. and {Bloom}, Josh S. and {Bogart}, Joanne and {Bond}, Tim W. and {Booth}, Michael T. and {Borgland}, Anders W. and {Borne}, Kirk and {Bosch}, James F. and {Boutigny}, Dominique and {Brackett}, Craig A. and {Bradshaw}, Andrew and {Brandt}, William Nielsen and {Brown}, Michael E. and {Bullock}, James S. and {Burchat}, Patricia and {Burke}, David L. and {Cagnoli}, Gianpietro and {Calabrese}, Daniel and {Callahan}, Shawn and {Callen}, Alice L. and {Carlin}, Jeffrey L. and {Carlson}, Erin L. and {Chandrasekharan}, Srinivasan and {Charles-Emerson}, Glenaver and {Chesley}, Steve and {Cheu}, Elliott C. and {Chiang}, Hsin-Fang and {Chiang}, James and {Chirino}, Carol and {Chow}, Derek and {Ciardi}, David R. and {Claver}, Charles F. and {Cohen-Tanugi}, Johann and {Cockrum}, Joseph J. and {Coles}, Rebecca and {Connolly}, Andrew J. and {Cook}, Kem H. and {Cooray}, Asantha and {Covey}, Kevin R. and {Cribbs}, Chris and {Cui}, Wei and {Cutri}, Roc and {Daly}, Philip N. and {Daniel}, Scott F. and {Daruich}, Felipe and {Daubard}, Guillaume and {Daues}, Greg and {Dawson}, William and {Delgado}, Francisco and {Dellapenna}, Alfred and {de Peyster}, Robert and {de Val-Borro}, Miguel and {Digel}, Seth W. and {Doherty}, Peter and {Dubois}, Richard and {Dubois-Felsmann}, Gregory P. and {Durech}, Josef and {Economou}, Frossie and {Eifler}, Tim and {Eracleous}, Michael and {Emmons}, Benjamin L. and {Fausti Neto}, Angelo and {Ferguson}, Henry and {Figueroa}, Enrique and {Fisher-Levine}, Merlin and {Focke}, Warren and {Foss}, Michael D. and {Frank}, James and {Freemon}, Michael D. and {Gangler}, Emmanuel and {Gawiser}, Eric and {Geary}, John C. and {Gee}, Perry and {Geha}, Marla and {Gessner}, Charles J.~B. and {Gibson}, Robert R. and {Gilmore}, D. Kirk and {Glanzman}, Thomas and {Glick}, William and {Goldina}, Tatiana and {Goldstein}, Daniel A. and {Goodenow}, Iain and {Graham}, Melissa L. and {Gressler}, William J. and {Gris}, Philippe and {Guy}, Leanne P. and {Guyonnet}, Augustin and {Haller}, Gunther and {Harris}, Ron and {Hascall}, Patrick A. and {Haupt}, Justine and {Hernandez}, Fabio and {Herrmann}, Sven and {Hileman}, Edward and {Hoblitt}, Joshua and {Hodgson}, John A. and {Hogan}, Craig and {Howard}, James D. and {Huang}, Dajun and {Huffer}, Michael E. and {Ingraham}, Patrick and {Innes}, Walter R. and {Jacoby}, Suzanne H. and {Jain}, Bhuvnesh and {Jammes}, Fabrice and {Jee}, M. James and {Jenness}, Tim and {Jernigan}, Garrett and {Jevremovi{\'c}}, Darko and {Johns}, Kenneth and {Johnson}, Anthony S. and {Johnson}, Margaret W.~G. and {Jones}, R. Lynne and {Juramy-Gilles}, Claire and {Juri{\'c}}, Mario and {Kalirai}, Jason S. and {Kallivayalil}, Nitya J. and {Kalmbach}, Bryce and {Kantor}, Jeffrey P. and {Karst}, Pierre and {Kasliwal}, Mansi M. and {Kelly}, Heather and {Kessler}, Richard and {Kinnison}, Veronica and {Kirkby}, David and {Knox}, Lloyd and {Kotov}, Ivan V. and {Krabbendam}, Victor L. and {Krughoff}, K. Simon and {Kub{\'a}nek}, Petr and {Kuczewski}, John and {Kulkarni}, Shri and {Ku}, John and {Kurita}, Nadine R. and {Lage}, Craig S. and {Lambert}, Ron and {Lange}, Travis and {Langton}, J. Brian and {Le Guillou}, Laurent and {Levine}, Deborah and {Liang}, Ming and {Lim}, Kian-Tat and {Lintott}, Chris J. and {Long}, Kevin E. and {Lopez}, Margaux and {Lotz}, Paul J. and {Lupton}, Robert H. and {Lust}, Nate B. and {MacArthur}, Lauren A. and {Mahabal}, Ashish and {Mandelbaum}, Rachel and {Markiewicz}, Thomas W. and {Marsh}, Darren S. and {Marshall}, Philip J. and {Marshall}, Stuart and {May}, Morgan and {McKercher}, Robert and {McQueen}, Michelle and {Meyers}, Joshua and {Migliore}, Myriam and {Miller}, Michelle and {Mills}, David J. and {Miraval}, Connor and {Moeyens}, Joachim and {Moolekamp}, Fred E. and {Monet}, David G. and {Moniez}, Marc and {Monkewitz}, Serge and {Montgomery}, Christopher and {Morrison}, Christopher B. and {Mueller}, Fritz and {Muller}, Gary P. and {Mu{\~n}oz Arancibia}, Freddy and {Neill}, Douglas R. and {Newbry}, Scott P. and {Nief}, Jean-Yves and {Nomerotski}, Andrei and {Nordby}, Martin and {O'Connor}, Paul and {Oliver}, John and {Olivier}, Scot S. and {Olsen}, Knut and {O'Mullane}, William and {Ortiz}, Sandra and {Osier}, Shawn and {Owen}, Russell E. and {Pain}, Reynald and {Palecek}, Paul E. and {Parejko}, John K. and {Parsons}, James B. and {Pease}, Nathan M. and {Peterson}, J. Matt and {Peterson}, John R. and {Petravick}, Donald L. and {Libby Petrick}, M.~E. and {Petry}, Cathy E. and {Pierfederici}, Francesco and {Pietrowicz}, Stephen and {Pike}, Rob and {Pinto}, Philip A. and {Plante}, Raymond and {Plate}, Stephen and {Plutchak}, Joel P. and {Price}, Paul A. and {Prouza}, Michael and {Radeka}, Veljko and {Rajagopal}, Jayadev and {Rasmussen}, Andrew P. and {Regnault}, Nicolas and {Reil}, Kevin A. and {Reiss}, David J. and {Reuter}, Michael A. and {Ridgway}, Stephen T. and {Riot}, Vincent J. and {Ritz}, Steve and {Robinson}, Sean and {Roby}, William and {Roodman}, Aaron and {Rosing}, Wayne and {Roucelle}, Cecille and {Rumore}, Matthew R. and {Russo}, Stefano and {Saha}, Abhijit and {Sassolas}, Benoit and {Schalk}, Terry L. and {Schellart}, Pim and {Schindler}, Rafe H. and {Schmidt}, Samuel and {Schneider}, Donald P. and {Schneider}, Michael D. and {Schoening}, William and {Schumacher}, German and {Schwamb}, Megan E. and {Sebag}, Jacques and {Selvy}, Brian and {Sembroski}, Glenn H. and {Seppala}, Lynn G. and {Serio}, Andrew and {Serrano}, Eduardo and {Shaw}, Richard A. and {Shipsey}, Ian and {Sick}, Jonathan and {Silvestri}, Nicole and {Slater}, Colin T. and {Smith}, J. Allyn and {Smith}, R. Chris and {Sobhani}, Shahram and {Soldahl}, Christine and {Storrie-Lombardi}, Lisa and {Stover}, Edward and {Strauss}, Michael A. and {Street}, Rachel A. and {Stubbs}, Christopher W. and {Sullivan}, Ian S. and {Sweeney}, Donald and {Swinbank}, John D. and {Szalay}, Alexander and {Takacs}, Peter and {Tether}, Stephen A. and {Thaler}, Jon J. and {Thayer}, John Gregg and {Thomas}, Sandrine and {Thornton}, Adam J. and {Thukral}, Vaikunth and {Tice}, Jeffrey and {Trilling}, David E. and {Turri}, Max and {Van Berg}, Richard and {Vanden Berk}, Daniel and {Vetter}, Kurt and {Virieux}, Francoise and {Vucina}, Tomislav and {Wahl}, William and {Walkowicz}, Lucianne and {Walsh}, Brian and {Walter}, Christopher W. and {Wang}, Daniel L. and {Wang}, Shin-Yawn and {Warner}, Michael and {Wiecha}, Oliver and {Willman}, Beth and {Winters}, Scott E. and {Wittman}, David and {Wolff}, Sidney C. and {Wood-Vasey}, W. Michael and {Wu}, Xiuqin and {Xin}, Bo and {Yoachim}, Peter and {Zhan}, Hu},
        title = "{LSST: From Science Drivers to Reference Design and Anticipated Data Products}",
      journal = {\apj},
     keywords = {astrometry, cosmology: observations, Galaxy: general, methods: observational, stars: general, surveys, Astrophysics},
         year = 2019,
        month = mar,
       volume = {873},
       number = {2},
          eid = {111},
        pages = {111},
          doi = {10.3847/1538-4357/ab042c},
archivePrefix = {arXiv},
       eprint = {0805.2366},
 primaryClass = {astro-ph},
       adsurl = {https://ui.adsabs.harvard.edu/abs/2019ApJ...873..111I},
      adsnote = {Provided by the SAO/NASA Astrophysics Data System}
}

@ARTICLE{spergel2015,
       author = {{Spergel}, D. and {Gehrels}, N. and {Baltay}, C. and {Bennett}, D. and {Breckinridge}, J. and {Donahue}, M. and {Dressler}, A. and {Gaudi}, B.~S. and {Greene}, T. and {Guyon}, O. and {Hirata}, C. and {Kalirai}, J. and {Kasdin}, N.~J. and {Macintosh}, B. and {Moos}, W. and {Perlmutter}, S. and {Postman}, M. and {Rauscher}, B. and {Rhodes}, J. and {Wang}, Y. and {Weinberg}, D. and {Benford}, D. and {Hudson}, M. and {Jeong}, W. -S. and {Mellier}, Y. and {Traub}, W. and {Yamada}, T. and {Capak}, P. and {Colbert}, J. and {Masters}, D. and {Penny}, M. and {Savransky}, D. and {Stern}, D. and {Zimmerman}, N. and {Barry}, R. and {Bartusek}, L. and {Carpenter}, K. and {Cheng}, E. and {Content}, D. and {Dekens}, F. and {Demers}, R. and {Grady}, K. and {Jackson}, C. and {Kuan}, G. and {Kruk}, J. and {Melton}, M. and {Nemati}, B. and {Parvin}, B. and {Poberezhskiy}, I. and {Peddie}, C. and {Ruffa}, J. and {Wallace}, J.~K. and {Whipple}, A. and {Wollack}, E. and {Zhao}, F.},
        title = "{Wide-Field InfrarRed Survey Telescope-Astrophysics Focused Telescope Assets WFIRST-AFTA 2015 Report}",
      journal = {arXiv e-prints},
     keywords = {Astrophysics - Instrumentation and Methods for Astrophysics},
         year = 2015,
        month = mar,
          eid = {arXiv:1503.03757},
        pages = {arXiv:1503.03757},
          doi = {10.48550/arXiv.1503.03757},
archivePrefix = {arXiv},
       eprint = {1503.03757},
 primaryClass = {astro-ph.IM},
       adsurl = {https://ui.adsabs.harvard.edu/abs/2015arXiv150303757S},
      adsnote = {Provided by the SAO/NASA Astrophysics Data System}
}

@ARTICLE{scaramella2022,
       author = {{Euclid Collaboration} and {Scaramella}, R. and {Amiaux}, J. and {Mellier}, Y. and {Burigana}, C. and {Carvalho}, C.~S. and {Cuillandre}, J. -C. and {Da Silva}, A. and {Derosa}, A. and {Dinis}, J. and {Maiorano}, E. and {Maris}, M. and {Tereno}, I. and {Laureijs}, R. and {Boenke}, T. and {Buenadicha}, G. and {Dupac}, X. and {Gaspar Venancio}, L.~M. and {G{\'o}mez-{\'A}lvarez}, P. and {Hoar}, J. and {Lorenzo Alvarez}, J. and {Racca}, G.~D. and {Saavedra-Criado}, G. and {Schwartz}, J. and {Vavrek}, R. and {Schirmer}, M. and {Aussel}, H. and {Azzollini}, R. and {Cardone}, V.~F. and {Cropper}, M. and {Ealet}, A. and {Garilli}, B. and {Gillard}, W. and {Granett}, B.~R. and {Guzzo}, L. and {Hoekstra}, H. and {Jahnke}, K. and {Kitching}, T. and {Maciaszek}, T. and {Meneghetti}, M. and {Miller}, L. and {Nakajima}, R. and {Niemi}, S.~M. and {Pasian}, F. and {Percival}, W.~J. and {Pottinger}, S. and {Sauvage}, M. and {Scodeggio}, M. and {Wachter}, S. and {Zacchei}, A. and {Aghanim}, N. and {Amara}, A. and {Auphan}, T. and {Auricchio}, N. and {Awan}, S. and {Balestra}, A. and {Bender}, R. and {Bodendorf}, C. and {Bonino}, D. and {Branchini}, E. and {Brau-Nogue}, S. and {Brescia}, M. and {Candini}, G.~P. and {Capobianco}, V. and {Carbone}, C. and {Carlberg}, R.~G. and {Carretero}, J. and {Casas}, R. and {Castander}, F.~J. and {Castellano}, M. and {Cavuoti}, S. and {Cimatti}, A. and {Cledassou}, R. and {Congedo}, G. and {Conselice}, C.~J. and {Conversi}, L. and {Copin}, Y. and {Corcione}, L. and {Costille}, A. and {Courbin}, F. and {Degaudenzi}, H. and {Douspis}, M. and {Dubath}, F. and {Duncan}, C.~A.~J. and {Dusini}, S. and {Farrens}, S. and {Ferriol}, S. and {Fosalba}, P. and {Fourmanoit}, N. and {Frailis}, M. and {Franceschi}, E. and {Franzetti}, P. and {Fumana}, M. and {Gillis}, B. and {Giocoli}, C. and {Grazian}, A. and {Grupp}, F. and {Haugan}, S.~V.~H. and {Holmes}, W. and {Hormuth}, F. and {Hudelot}, P. and {Kermiche}, S. and {Kiessling}, A. and {Kilbinger}, M. and {Kohley}, R. and {Kubik}, B. and {K{\"u}mmel}, M. and {Kunz}, M. and {Kurki-Suonio}, H. and {Lahav}, O. and {Ligori}, S. and {Lilje}, P.~B. and {Lloro}, I. and {Mansutti}, O. and {Marggraf}, O. and {Markovic}, K. and {Marulli}, F. and {Massey}, R. and {Maurogordato}, S. and {Melchior}, M. and {Merlin}, E. and {Meylan}, G. and {Mohr}, J.~J. and {Moresco}, M. and {Morin}, B. and {Moscardini}, L. and {Munari}, E. and {Nichol}, R.~C. and {Padilla}, C. and {Paltani}, S. and {Peacock}, J. and {Pedersen}, K. and {Pettorino}, V. and {Pires}, S. and {Poncet}, M. and {Popa}, L. and {Pozzetti}, L. and {Raison}, F. and {Rebolo}, R. and {Rhodes}, J. and {Rix}, H. -W. and {Roncarelli}, M. and {Rossetti}, E. and {Saglia}, R. and {Schneider}, P. and {Schrabback}, T. and {Secroun}, A. and {Seidel}, G. and {Serrano}, S. and {Sirignano}, C. and {Sirri}, G. and {Skottfelt}, J. and {Stanco}, L. and {Starck}, J.~L. and {Tallada-Cresp{\'\i}}, P. and {Tavagnacco}, D. and {Taylor}, A.~N. and {Teplitz}, H.~I. and {Toledo-Moreo}, R. and {Torradeflot}, F. and {Trifoglio}, M. and {Valentijn}, E.~A. and {Valenziano}, L. and {Verdoes Kleijn}, G.~A. and {Wang}, Y. and {Welikala}, N. and {Weller}, J. and {Wetzstein}, M. and {Zamorani}, G. and {Zoubian}, J. and {Andreon}, S. and {Baldi}, M. and {Bardelli}, S. and {Boucaud}, A. and {Camera}, S. and {Di Ferdinando}, D. and {Fabbian}, G. and {Farinelli}, R. and {Galeotta}, S. and {Graci{\'a}-Carpio}, J. and {Maino}, D. and {Medinaceli}, E. and {Mei}, S. and {Neissner}, C. and {Polenta}, G. and {Renzi}, A. and {Romelli}, E. and {Rosset}, C. and {Sureau}, F. and {Tenti}, M. and {Vassallo}, T. and {Zucca}, E. and {Baccigalupi}, C. and {Balaguera-Antol{\'\i}nez}, A. and {Battaglia}, P. and {Biviano}, A. and {Borgani}, S. and {Bozzo}, E. and {Cabanac}, R. and {Cappi}, A. and {Casas}, S. and {Castignani}, G. and {Colodro-Conde}, C. and {Coupon}, J. and {Courtois}, H.~M. and {Cuby}, J. and {de la Torre}, S. and {Desai}, S. and {Dole}, H. and {Fabricius}, M. and {Farina}, M. and {Ferreira}, P.~G. and {Finelli}, F. and {Flose-Reimberg}, P. and {Fotopoulou}, S. and {Ganga}, K. and {Gozaliasl}, G. and {Hook}, I.~M. and {Keihanen}, E. and {Kirkpatrick}, C.~C. and {Liebing}, P. and {Lindholm}, V. and {Mainetti}, G. and {Martinelli}, M. and {Martinet}, N. and {Maturi}, M. and {McCracken}, H.~J. and {Metcalf}, R.~B. and {Morgante}, G. and {Nightingale}, J. and {Nucita}, A. and {Patrizii}, L. and {Potter}, D. and {Riccio}, G. and {S{\'a}nchez}, A.~G. and {Sapone}, D. and {Schewtschenko}, J.~A. and {Schultheis}, M. and {Scottez}, V. and {Teyssier}, R. and {Tutusaus}, I. and {Valiviita}, J. and {Viel}, M. and {Vriend}, W. and {Whittaker}, L.},
        title = "{Euclid preparation. I. The Euclid Wide Survey}",
      journal = {\aap},
     keywords = {space vehicles, surveys, methods: numerical, dark energy, dark matter, Astrophysics - Cosmology and Nongalactic Astrophysics, Astrophysics - Instrumentation and Methods for Astrophysics},
         year = 2022,
        month = jun,
       volume = {662},
          eid = {A112},
        pages = {A112},
          doi = {10.1051/0004-6361/202141938},
archivePrefix = {arXiv},
       eprint = {2108.01201},
 primaryClass = {astro-ph.CO},
       adsurl = {https://ui.adsabs.harvard.edu/abs/2022A&A...662A.112E},
      adsnote = {Provided by the SAO/NASA Astrophysics Data System}
}

@ARTICLE{Conroy2009,
       author = {{Conroy}, Charlie and {Gunn}, James E. and {White}, Martin},
        title = "{The Propagation of Uncertainties in Stellar Population Synthesis Modeling. I. The Relevance of Uncertain Aspects of Stellar Evolution and the Initial Mass Function to the Derived Physical Properties of Galaxies}",
      journal = {\apj},
     keywords = {galaxies: evolution, galaxies: stellar content, stars: evolution, Astrophysics},
         year = 2009,
        month = jul,
       volume = {699},
       number = {1},
        pages = {486-506},
          doi = {10.1088/0004-637X/699/1/486},
archivePrefix = {arXiv},
       eprint = {0809.4261},
 primaryClass = {astro-ph},
       adsurl = {https://ui.adsabs.harvard.edu/abs/2009ApJ...699..486C},
      adsnote = {Provided by the SAO/NASA Astrophysics Data System}
}

@ARTICLE{Conroy2010,
       author = {{Conroy}, Charlie and {Gunn}, James E.},
        title = "{The Propagation of Uncertainties in Stellar Population Synthesis Modeling. III. Model Calibration, Comparison, and Evaluation}",
      journal = {\apj},
     keywords = {galaxies: evolution, galaxies: stellar content, stars: evolution, Astrophysics - Cosmology and Nongalactic Astrophysics},
         year = 2010,
        month = apr,
       volume = {712},
       number = {2},
        pages = {833-857},
          doi = {10.1088/0004-637X/712/2/833},
archivePrefix = {arXiv},
       eprint = {0911.3151},
 primaryClass = {astro-ph.CO},
       adsurl = {https://ui.adsabs.harvard.edu/abs/2010ApJ...712..833C},
      adsnote = {Provided by the SAO/NASA Astrophysics Data System}
}

@ARTICLE{Johnson2021,
       author = {{Johnson}, Benjamin D. and {Leja}, Joel and {Conroy}, Charlie and {Speagle}, Joshua S.},
        title = "{Stellar Population Inference with Prospector}",
      journal = {\apjs},
     keywords = {Galaxy evolution, Spectral energy distribution, Astronomy data modeling, 594, 2129, 1859, Astrophysics - Astrophysics of Galaxies, Astrophysics - Instrumentation and Methods for Astrophysics},
         year = 2021,
        month = jun,
       volume = {254},
       number = {2},
          eid = {22},
        pages = {22},
          doi = {10.3847/1538-4365/abef67},
archivePrefix = {arXiv},
       eprint = {2012.01426},
 primaryClass = {astro-ph.GA},
       adsurl = {https://ui.adsabs.harvard.edu/abs/2021ApJS..254...22J},
      adsnote = {Provided by the SAO/NASA Astrophysics Data System}
}

@ARTICLE{Alsing2023,
       author = {{Alsing}, Justin and {Peiris}, Hiranya and {Mortlock}, Daniel and {Leja}, Joel and {Leistedt}, Boris},
        title = "{Forward Modeling of Galaxy Populations for Cosmological Redshift Distribution Inference}",
      journal = {\apjs},
     keywords = {Redshift surveys, Galaxy photometry, Galaxy stellar content, Galaxy evolution, Cosmological parameters from large-scale structure, Gravitational lensing, Weak gravitational lensing, 1378, 611, 621, 594, 340, 670, 1797, Astrophysics - Cosmology and Nongalactic Astrophysics, Astrophysics - Astrophysics of Galaxies},
         year = 2023,
        month = feb,
       volume = {264},
       number = {2},
          eid = {29},
        pages = {29},
          doi = {10.3847/1538-4365/ac9583},
archivePrefix = {arXiv},
       eprint = {2207.05819},
 primaryClass = {astro-ph.CO},
       adsurl = {https://ui.adsabs.harvard.edu/abs/2023ApJS..264...29A},
      adsnote = {Provided by the SAO/NASA Astrophysics Data System}
}

@ARTICLE{Tortorelli2024,
       author = {{Tortorelli}, Luca and {McCullough}, Jamie and {Gruen}, Daniel},
        title = "{Impact of stellar population synthesis choices on forward modelling-based redshift distribution estimates}",
      journal = {\aap},
     keywords = {gravitational lensing: weak, methods: data analysis, galaxies: statistics, galaxies: stellar content, large-scale structure of Universe, Astrophysics - Cosmology and Nongalactic Astrophysics, Astrophysics - Astrophysics of Galaxies},
         year = 2024,
        month = sep,
       volume = {689},
          eid = {A144},
        pages = {A144},
          doi = {10.1051/0004-6361/202450694},
archivePrefix = {arXiv},
       eprint = {2405.06009},
 primaryClass = {astro-ph.CO},
       adsurl = {https://ui.adsabs.harvard.edu/abs/2024A&A...689A.144T},
      adsnote = {Provided by the SAO/NASA Astrophysics Data System}
}

@ARTICLE{Hearin2023,
       author = {{Hearin}, Andrew P. and {Chaves-Montero}, Jon{\'a}s and {Alarcon}, Alex and {Becker}, Matthew R. and {Benson}, Andrew},
        title = "{DSPS: Differentiable stellar population synthesis}",
      journal = {\mnras},
     keywords = {software: data analysis, galaxies: stellar content, cosmology: large-scale structure of Universe, Astrophysics - Astrophysics of Galaxies, Astrophysics - Cosmology and Nongalactic Astrophysics},
         year = 2023,
        month = may,
       volume = {521},
       number = {2},
        pages = {1741-1756},
          doi = {10.1093/mnras/stad456},
archivePrefix = {arXiv},
       eprint = {2112.06830},
 primaryClass = {astro-ph.GA},
       adsurl = {https://ui.adsabs.harvard.edu/abs/2023MNRAS.521.1741H},
      adsnote = {Provided by the SAO/NASA Astrophysics Data System}
}


@article{Merz23,
    author = {Merz, Grant and Liu, Yichen and Burke, Colin J and Aleo, Patrick D and Liu, Xin and Carrasco Kind, Matias and Kindratenko, Volodymyr and Liu, Yufeng},
    title = "{Detection, instance segmentation, and classification for astronomical surveys with deep learning (deepdisc): detectron2 implementation and demonstration with Hyper Suprime-Cam data}",
    journal = {Monthly Notices of the Royal Astronomical Society},
    volume = {526},
    number = {1},
    pages = {1122-1137},
    year = {2023},
    month = {09},
    issn = {0035-8711},
    doi = {10.1093/mnras/stad2785},
    url = {https://doi.org/10.1093/mnras/stad2785},
    eprint = {https://academic.oup.com/mnras/article-pdf/526/1/1122/53263083/stad2785.pdf},
}

@article{Newman08,
  author        = {{Newman}, J.~A.},
  title         = {{Calibrating Redshift Distributions beyond Spectroscopic Limits with Cross-Correlations}},
  journal       = {\apj},
  archiveprefix = {arXiv},
  eprint        = {0805.1409},
  keywords      = {galaxies: distances and redshifts, large-scale structure of universe, methods: miscellaneous, surveys},
  year          = 2008,
  month         = sep,
  volume        = 684,
  eid           = {88-101},
  pages         = {88-101},
  doi           = {10.1086/589982},
  adsurl        = {http://adsabs.harvard.edu/abs/2008ApJ...684...88N},
  adsnote       = {Provided by the SAO/NASA Astrophysics Data System}
}

@article{Menard13,
  author        = {{M{\'e}nard}, Brice and {Scranton}, Ryan and {Schmidt}, Samuel and
         {Morrison}, Chris and {Jeong}, Donghui and {Budavari}, Tamas and
         {Rahman}, Mubdi},
  title         = {{Clustering-based redshift estimation: method and application to data}},
  journal       = {arXiv e-prints},
  keywords      = {Astrophysics - Cosmology and Nongalactic Astrophysics, Astrophysics - Astrophysics of Galaxies},
  year          = {2013},
  month         = {Mar},
  eid           = {arXiv:1303.4722},
  pages         = {arXiv:1303.4722},
  archiveprefix = {arXiv},
  eprint        = {1303.4722},
  primaryclass  = {astro-ph.CO},
  adsurl        = {https://ui.adsabs.harvard.edu/\#abs/2013arXiv1303.4722M},
  adsnote       = {Provided by the SAO/NASA Astrophysics Data System}
}

@article{Schmidt13,
  author        = {{Schmidt}, S.~J. and {M{\'e}nard}, B. and {Scranton}, R. and 
	{Morrison}, C. and {McBride}, C.~K.},
  title         = {{Recovering redshift distributions with cross-correlations: pushing the boundaries}},
  journal       = {\mnras},
  archiveprefix = {arXiv},
  eprint        = {1303.0292},
  keywords      = {methods: data analysis, methods: statistical, cosmology: observations, large-scale structure of Universe},
  year          = 2013,
  month         = jun,
  volume        = 431,
  pages         = {3307-3318},
  doi           = {10.1093/mnras/stt410},
  adsurl        = {http://adsabs.harvard.edu/abs/2013MNRAS.431.3307S},
  adsnote       = {Provided by the SAO/NASA Astrophysics Data System}
}

@article{Gatti18,
  author        = {{Gatti}, M. and {Vielzeuf}, P. and {Davis}, C. and {Cawthon}, R. and 
	{Rau}, M.~M. and {DeRose}, J. and {De Vicente}, J. and {Alarcon}, A. and 
	{Rozo}, E. and {Gaztanaga}, E. and {Hoyle}, B. and {Miquel}, R. and 
	{Bernstein}, G.~M. and {Bonnett}, C. and {Carnero Rosell}, A. and 
	{Castander}, F.~J. and {Chang}, C. and {da Costa}, L.~N. and 
	{Gruen}, D. and {Gschwend}, J. and {Hartley}, W.~G. and {Lin}, H. and 
	{MacCrann}, N. and {Maia}, M.~A.~G. and {Ogando}, R.~L.~C. and 
	{Roodman}, A. and {Sevilla-Noarbe}, I. and {Troxel}, M.~A. and 
	{Wechsler}, R.~H. and {Asorey}, J. and {Davis}, T.~M. and {Glazebrook}, K. and 
	{Hinton}, S.~R. and {Lewis}, G. and {Lidman}, C. and {Macaulay}, E. and 
	{M{\"o}ller}, A. and {O'Neill}, C.~R. and {Sommer}, N.~E. and 
	{Uddin}, S.~A. and {Yuan}, F. and {Zhang}, B. and {Abbott}, T.~M.~C. and 
	{Allam}, S. and {Annis}, J. and {Bechtol}, K. and {Brooks}, D. and 
	{Burke}, D.~L. and {Carollo}, D. and {Carrasco Kind}, M. and 
	{Carretero}, J. and {Cunha}, C.~E. and {D'Andrea}, C.~B. and 
	{DePoy}, D.~L. and {Desai}, S. and {Eifler}, T.~F. and {Evrard}, A.~E. and 
	{Flaugher}, B. and {Fosalba}, P. and {Frieman}, J. and {Garc{\'{\i}}a-Bellido}, J. and 
	{Gerdes}, D.~W. and {Goldstein}, D.~A. and {Gruendl}, R.~A. and 
	{Gutierrez}, G. and {Honscheid}, K. and {Hoormann}, J.~K. and 
	{Jain}, B. and {James}, D.~J. and {Jarvis}, M. and {Jeltema}, T. and 
	{Johnson}, M.~W.~G. and {Johnson}, M.~D. and {Krause}, E. and 
	{Kuehn}, K. and {Kuhlmann}, S. and {Kuropatkin}, N. and {Li}, T.~S. and 
	{Lima}, M. and {Marshall}, J.~L. and {Melchior}, P. and {Menanteau}, F. and 
	{Nichol}, R.~C. and {Nord}, B. and {Plazas}, A.~A. and {Reil}, K. and 
	{Rykoff}, E.~S. and {Sako}, M. and {Sanchez}, E. and {Scarpine}, V. and 
	{Schubnell}, M. and {Sheldon}, E. and {Smith}, M. and {Smith}, R.~C. and 
	{Soares-Santos}, M. and {Sobreira}, F. and {Suchyta}, E. and 
	{Swanson}, M.~E.~C. and {Tarle}, G. and {Thomas}, D. and {Tucker}, B.~E. and 
	{Tucker}, D.~L. and {Vikram}, V. and {Walker}, A.~R. and {Weller}, J. and 
	{Wester}, W. and {Wolf}, R.~C.},
  title         = {{Dark Energy Survey Year 1 results: cross-correlation redshifts - methods and systematics characterization}},
  journal       = {\mnras},
  archiveprefix = {arXiv},
  eprint        = {1709.00992},
  keywords      = {galaxies: distances and redshifts, cosmology: observations},
  year          = 2018,
  month         = jun,
  volume        = 477,
  pages         = {1664-1682},
  doi           = {10.1093/mnras/sty466},
  adsurl        = {http://adsabs.harvard.edu/abs/2018MNRAS.477.1664G},
  adsnote       = {Provided by the SAO/NASA Astrophysics Data System}
}

@ARTICLE{vandenbusch20,
       author = {{van den Busch}, J.~L. and {Hildebrandt}, H. and {Wright}, A.~H. and {Morrison}, C.~B. and {Blake}, C. and {Joachimi}, B. and {Erben}, T. and {Heymans}, C. and {Kuijken}, K. and {Taylor}, E.~N.},
        title = "{Testing KiDS cross-correlation redshifts with simulations}",
      journal = {\aap},
     keywords = {cosmology: observations, surveys, large-scale structure of Universe, galaxies: distances and redshifts, Astrophysics - Cosmology and Nongalactic Astrophysics, Astrophysics - Instrumentation and Methods for Astrophysics},
         year = 2020,
        month = oct,
       volume = {642},
          eid = {A200},
        pages = {A200},
          doi = {10.1051/0004-6361/202038835},
archivePrefix = {arXiv},
       eprint = {2007.01846},
 primaryClass = {astro-ph.CO},
       adsurl = {https://ui.adsabs.harvard.edu/abs/2020A&A...642A.200V},
      adsnote = {Provided by the SAO/NASA Astrophysics Data System}
}

@misc{wiki:Golden_spike,
   author = "Wikipedia",
   title = "{Golden spike} --- {W}ikipedia{,} The Free Encyclopedia",
   year = "2024",
   howpublished = {\url{http://en.wikipedia.org/w/index.php?title=Golden\%20spike&oldid=1246098568}},
   note = "[Online; accessed 30-September-2024]"
 }

@article{Korytov_2019,
   title={CosmoDC2: A Synthetic Sky Catalog for Dark Energy Science with LSST},
   volume={245},
   ISSN={1538-4365},
   url={http://dx.doi.org/10.3847/1538-4365/ab510c},
   DOI={10.3847/1538-4365/ab510c},
   number={2},
   journal={The Astrophysical Journal Supplement Series},
   publisher={American Astronomical Society},
   author={Korytov, Danila and Hearin, Andrew and Kovacs, Eve and Larsen, Patricia and Rangel, Esteban and Hollowed, Joseph and Benson, Andrew J. and Heitmann, Katrin and Mao, Yao-Yuan and Bahmanyar, Anita and Chang, Chihway and Campbell, Duncan and DeRose, Joseph and Finkel, Hal and Frontiere, Nicholas and Gawiser, Eric and Habib, Salman and Joachimi, Benjamin and Lanusse, François and Li, Nan and Mandelbaum, Rachel and Morrison, Christopher and Newman, Jeffrey A. and Pope, Adrian and Rykoff, Eli and Simet, Melanie and To, Chun-Hao and Vikraman, Vinu and Wechsler, Risa H. and White, Martin},
   year={2019},
   month=dec, pages={26} }


@article{Lupton_1999,
   title={A Modified Magnitude System that Produces Well-Behaved Magnitudes, Colors, and Errors Even for Low Signal-to-Noise Ratio Measurements},
   volume={118},
   ISSN={0004-6256},
   url={http://dx.doi.org/10.1086/301004},
   DOI={10.1086/301004},
   number={3},
   journal={The Astronomical Journal},
   publisher={American Astronomical Society},
   author={Lupton, Robert H. and Gunn, James E. and Szalay, Alexander S.},
   year={1999},
   month=sep, pages={1406–1410} }

@misc{hang2024,
      title={Impact of survey spatial variability on galaxy redshift distributions and the cosmological $3\times2$-point statistics for the Rubin Legacy Survey of Space and Time (LSST)}, 
      author={Qianjun Hang and Benjamin Joachimi and Eric Charles and John Franklin Crenshaw and Patricia Larsen and Alex I. Malz and Sam Schmidt and Ziang Yan and Tianqing Zhang and the LSST Dark Energy Science Collaboration},
      year={2024},
      eprint={2409.02501},
      archivePrefix={arXiv},
      primaryClass={astro-ph.CO},
      url={https://arxiv.org/abs/2409.02501}, 
}

@ARTICLE{Rau2023,
       author = {{Rau}, Markus Michael and {Dalal}, Roohi and {Zhang}, Tianqing and {Li}, Xiangchong and {Nishizawa}, Atsushi J. and {More}, Surhud and {Mandelbaum}, Rachel and {Miyatake}, Hironao and {Strauss}, Michael A. and {Takada}, Masahiro},
        title = "{Weak lensing tomographic redshift distribution inference for the Hyper Suprime-Cam Subaru Strategic Program three-year shape catalogue}",
      journal = {\mnras},
     keywords = {methods: data analysis, methods: numerical, methods: statistical, techniques: photometric, galaxies: distances and redshifts, cosmology: observations, Astrophysics - Cosmology and Nongalactic Astrophysics, Astrophysics - Astrophysics of Galaxies},
         year = 2023,
        month = oct,
       volume = {524},
       number = {4},
        pages = {5109-5131},
          doi = {10.1093/mnras/stad1962},
archivePrefix = {arXiv},
       eprint = {2211.16516},
 primaryClass = {astro-ph.CO},
       adsurl = {https://ui.adsabs.harvard.edu/abs/2023MNRAS.524.5109R},
      adsnote = {Provided by the SAO/NASA Astrophysics Data System}
}


@ARTICLE{2020A&A...633A..69H,
       author = {{Hildebrandt}, H. and {K{\"o}hlinger}, F. and {van den Busch}, J.~L. and {Joachimi}, B. and {Heymans}, C. and {Kannawadi}, A. and {Wright}, A.~H. and {Asgari}, M. and {Blake}, C. and {Hoekstra}, H. and {Joudaki}, S. and {Kuijken}, K. and {Miller}, L. and {Morrison}, C.~B. and {Tr{\"o}ster}, T. and {Amon}, A. and {Archidiacono}, M. and {Brieden}, S. and {Choi}, A. and {de Jong}, J.~T.~A. and {Erben}, T. and {Giblin}, B. and {Mead}, A. and {Peacock}, J.~A. and {Radovich}, M. and {Schneider}, P. and {Sif{\'o}n}, C. and {Tewes}, M.},
        title = "{KiDS+VIKING-450: Cosmic shear tomography with optical and infrared data}",
      journal = {\aap},
     keywords = {cosmology: observations, gravitational lensing: weak, galaxies: photometry, surveys, Astrophysics - Cosmology and Nongalactic Astrophysics},
         year = 2020,
        month = jan,
       volume = {633},
          eid = {A69},
        pages = {A69},
          doi = {10.1051/0004-6361/201834878},
archivePrefix = {arXiv},
       eprint = {1812.06076},
 primaryClass = {astro-ph.CO},
       adsurl = {https://ui.adsabs.harvard.edu/abs/2020A&A...633A..69H},
      adsnote = {Provided by the SAO/NASA Astrophysics Data System}
}

@ARTICLE{2017MNRAS.465.1454H,
       author = {{Hildebrandt}, H. and {Viola}, M. and {Heymans}, C. and {Joudaki}, S. and {Kuijken}, K. and {Blake}, C. and {Erben}, T. and {Joachimi}, B. and {Klaes}, D. and {Miller}, L. and {Morrison}, C.~B. and {Nakajima}, R. and {Verdoes Kleijn}, G. and {Amon}, A. and {Choi}, A. and {Covone}, G. and {de Jong}, J.~T.~A. and {Dvornik}, A. and {Fenech Conti}, I. and {Grado}, A. and {Harnois-D{\'e}raps}, J. and {Herbonnet}, R. and {Hoekstra}, H. and {K{\"o}hlinger}, F. and {McFarland}, J. and {Mead}, A. and {Merten}, J. and {Napolitano}, N. and {Peacock}, J.~A. and {Radovich}, M. and {Schneider}, P. and {Simon}, P. and {Valentijn}, E.~A. and {van den Busch}, J.~L. and {van Uitert}, E. and {Van Waerbeke}, L.},
        title = "{KiDS-450: cosmological parameter constraints from tomographic weak gravitational lensing}",
      journal = {\mnras},
     keywords = {gravitational lensing: weak, surveys, galaxies: photometry, cosmology: observations, Astrophysics - Cosmology and Nongalactic Astrophysics},
         year = 2017,
        month = feb,
       volume = {465},
       number = {2},
        pages = {1454-1498},
          doi = {10.1093/mnras/stw2805},
archivePrefix = {arXiv},
       eprint = {1606.05338},
 primaryClass = {astro-ph.CO},
       adsurl = {https://ui.adsabs.harvard.edu/abs/2017MNRAS.465.1454H},
      adsnote = {Provided by the SAO/NASA Astrophysics Data System}
}

@ARTICLE{2017arXiv170408095I,
       author = {{Izbicki}, Rafael and {Lee}, Ann B.},
        title = "{Converting High-Dimensional Regression to High-Dimensional Conditional Density Estimation}",
      journal = {arXiv e-prints},
     keywords = {Statistics - Methodology, Statistics - Machine Learning},
         year = 2017,
        month = apr,
          eid = {arXiv:1704.08095},
        pages = {arXiv:1704.08095},
          doi = {10.48550/arXiv.1704.08095},
archivePrefix = {arXiv},
       eprint = {1704.08095},
 primaryClass = {stat.ME},
       adsurl = {https://ui.adsabs.harvard.edu/abs/2017arXiv170408095I},
      adsnote = {Provided by the SAO/NASA Astrophysics Data System}
}


@ARTICLE{2020arXiv200712178M,
       author = {{Malz}, Alex I. and {Hogg}, David W.},
        title = "{How to obtain the redshift distribution from probabilistic redshift estimates}",
      journal = {arXiv e-prints},
     keywords = {Astrophysics - Cosmology and Nongalactic Astrophysics, Astrophysics - Instrumentation and Methods for Astrophysics},
         year = 2020,
        month = jul,
          eid = {arXiv:2007.12178},
        pages = {arXiv:2007.12178},
          doi = {10.48550/arXiv.2007.12178},
archivePrefix = {arXiv},
       eprint = {2007.12178},
 primaryClass = {astro-ph.CO},
       adsurl = {https://ui.adsabs.harvard.edu/abs/2020arXiv200712178M},
      adsnote = {Provided by the SAO/NASA Astrophysics Data System}
}


@ARTICLE{Buchs2019,
       author = {{Buchs}, R. and {Davis}, C. and {Gruen}, D. and {DeRose}, J. and {Alarcon}, A. and {Bernstein}, G.~M. and {S{\'a}nchez}, C. and {Myles}, J. and {Roodman}, A. and {Allen}, S. and {Amon}, A. and {Choi}, A. and {Masters}, D.~C. and {Miquel}, R. and {Troxel}, M.~A. and {Wechsler}, R.~H. and {Abbott}, T.~M.~C. and {Annis}, J. and {Avila}, S. and {Bechtol}, K. and {Bridle}, S.~L. and {Brooks}, D. and {Buckley-Geer}, E. and {Burke}, D.~L. and {Carnero Rosell}, A. and {Carrasco Kind}, M. and {Carretero}, J. and {Castander}, F.~J. and {Cawthon}, R. and {D'Andrea}, C.~B. and {da Costa}, L.~N. and {De Vicente}, J. and {Desai}, S. and {Diehl}, H.~T. and {Doel}, P. and {Drlica-Wagner}, A. and {Eifler}, T.~F. and {Evrard}, A.~E. and {Flaugher}, B. and {Fosalba}, P. and {Frieman}, J. and {Garc{\'\i}a-Bellido}, J. and {Gaztanaga}, E. and {Gruendl}, R.~A. and {Gschwend}, J. and {Gutierrez}, G. and {Hartley}, W.~G. and {Hollowood}, D.~L. and {Honscheid}, K. and {James}, D.~J. and {Kuehn}, K. and {Kuropatkin}, N. and {Lima}, M. and {Lin}, H. and {Maia}, M.~A.~G. and {March}, M. and {Marshall}, J.~L. and {Melchior}, P. and {Menanteau}, F. and {Ogando}, R.~L.~C. and {Plazas}, A.~A. and {Rykoff}, E.~S. and {Sanchez}, E. and {Scarpine}, V. and {Serrano}, S. and {Sevilla-Noarbe}, I. and {Smith}, M. and {Soares-Santos}, M. and {Sobreira}, F. and {Suchyta}, E. and {Swanson}, M.~E.~C. and {Tarle}, G. and {Thomas}, D. and {Vikram}, V. and {DES Collaboration}},
        title = "{Phenotypic redshifts with self-organizing maps: A novel method to characterize redshift distributions of source galaxies for weak lensing}",
      journal = {\mnras},
     keywords = {gravitational lensing: weak, galaxies: distances and redshifts, dark energy, Astrophysics - Cosmology and Nongalactic Astrophysics, Astrophysics - Astrophysics of Galaxies},
         year = 2019,
        month = oct,
       volume = {489},
       number = {1},
        pages = {820-841},
          doi = {10.1093/mnras/stz2162},
archivePrefix = {arXiv},
       eprint = {1901.05005},
 primaryClass = {astro-ph.CO},
       adsurl = {https://ui.adsabs.harvard.edu/abs/2019MNRAS.489..820B},
      adsnote = {Provided by the SAO/NASA Astrophysics Data System}
}

@ARTICLE{Tanaka2018,
       author = {{Tanaka}, Masayuki and {Coupon}, Jean and {Hsieh}, Bau-Ching and {Mineo}, Sogo and {Nishizawa}, Atsushi J. and {Speagle}, Joshua and {Furusawa}, Hisanori and {Miyazaki}, Satoshi and {Murayama}, Hitoshi},
        title = "{Photometric redshifts for Hyper Suprime-Cam Subaru Strategic Program Data Release 1}",
      journal = {\pasj},
     keywords = {cosmology: observations, galaxies: distances and redshifts, galaxies: general, surveys, Astrophysics - Astrophysics of Galaxies},
         year = 2018,
        month = jan,
       volume = {70},
          eid = {S9},
        pages = {S9},
          doi = {10.1093/pasj/psx077},
archivePrefix = {arXiv},
       eprint = {1704.05988},
 primaryClass = {astro-ph.GA},
       adsurl = {https://ui.adsabs.harvard.edu/abs/2018PASJ...70S...9T},
      adsnote = {Provided by the SAO/NASA Astrophysics Data System}
}

@ARTICLE{Bilicki2018,
       author = {{Bilicki}, M. and {Hoekstra}, H. and {Brown}, M.~J.~I. and {Amaro}, V. and {Blake}, C. and {Cavuoti}, S. and {de Jong}, J.~T.~A. and {Georgiou}, C. and {Hildebrandt}, H. and {Wolf}, C. and {Amon}, A. and {Brescia}, M. and {Brough}, S. and {Costa-Duarte}, M.~V. and {Erben}, T. and {Glazebrook}, K. and {Grado}, A. and {Heymans}, C. and {Jarrett}, T. and {Joudaki}, S. and {Kuijken}, K. and {Longo}, G. and {Napolitano}, N. and {Parkinson}, D. and {Vellucci}, C. and {Verdoes Kleijn}, G.~A. and {Wang}, L.},
        title = "{Photometric redshifts for the Kilo-Degree Survey. Machine-learning analysis with artificial neural networks}",
      journal = {\aap},
     keywords = {galaxies: distances and redshifts, catalogs, large-scale structure of Universe, methods: data analysis, methods: numerical, methods: statistical, Astrophysics - Cosmology and Nongalactic Astrophysics, Astrophysics - Astrophysics of Galaxies, Astrophysics - Instrumentation and Methods for Astrophysics},
         year = 2018,
        month = aug,
       volume = {616},
          eid = {A69},
        pages = {A69},
          doi = {10.1051/0004-6361/201731942},
archivePrefix = {arXiv},
       eprint = {1709.04205},
 primaryClass = {astro-ph.CO},
       adsurl = {https://ui.adsabs.harvard.edu/abs/2018A&A...616A..69B},
      adsnote = {Provided by the SAO/NASA Astrophysics Data System}
}

@misc{Graham, url={https://dmtn-049.lsst.io/}, journal={https://dmtn-049.lsst.io/}, author={Graham, M}} 


@ARTICLE{Moskowitz2024,
       author = {{Moskowitz}, Irene and {Gawiser}, Eric and {Crenshaw}, John Franklin and {Andrews}, Brett H. and {Malz}, Alex I. and {Schmidt}, Samuel and {LSST Dark Energy Science Collaboration}},
        title = "{Improving Photometric Redshift Estimates with Training Sample Augmentation}",
      journal = {\apjl},
     keywords = {Observational cosmology, 1146, Astrophysics - Instrumentation and Methods for Astrophysics, Astrophysics - Cosmology and Nongalactic Astrophysics},
         year = 2024,
        month = may,
       volume = {967},
       number = {1},
          eid = {L6},
        pages = {L6},
          doi = {10.3847/2041-8213/ad4039},
archivePrefix = {arXiv},
       eprint = {2402.15551},
 primaryClass = {astro-ph.IM},
       adsurl = {https://ui.adsabs.harvard.edu/abs/2024ApJ...967L...6M},
      adsnote = {Provided by the SAO/NASA Astrophysics Data System}
}


@ARTICLE{Campos2024,
       author = {{Campos}, A. and {Yin}, B. and {Dodelson}, S. and {Amon}, A. and {Alarcon}, A. and {S{\'a}nchez}, C. and {Bernstein}, G.~M. and {Giannini}, G. and {Myles}, J. and {Samuroff}, S. and {Alves}, O. and {Andrade-Oliveira}, F. and {Bechtol}, K. and {Becker}, M.~R. and {Blazek}, J. and {Camacho}, H. and {Carnero Rosell}, A. and {Carrasco Kind}, M. and {Cawthon}, R. and {Chang}, C. and {Chen}, R. and {Choi}, A. and {Cordero}, J. and {Davis}, C. and {DeRose}, J. and {Diehl}, H.~T. and {Doux}, C. and {Drlica-Wagner}, A. and {Eckert}, K. and {Eifler}, T.~F. and {Elvin-Poole}, J. and {Everett}, S. and {Fang}, X. and {Fert{\'e}}, A. and {Friedrich}, O. and {Gatti}, M. and {Gruen}, D. and {Gruendl}, R.~A. and {Harrison}, I. and {Hartley}, W.~G. and {Herner}, K. and {Huang}, H. and {Huff}, E.~M. and {Jarvis}, M. and {Krause}, E. and {Kuropatkin}, N. and {Leget}, P. -F. and {MacCrann}, N. and {McCullough}, J. and {Navarro-Alsina}, A. and {Pandey}, S. and {Prat}, J. and {Raveri}, M. and {Rollins}, R.~P. and {Roodman}, A. and {Rosenfeld}, R. and {Ross}, A.~J. and {Rykoff}, E.~S. and {Sanchez}, J. and {Secco}, L.~F. and {Sevilla-Noarbe}, I. and {Sheldon}, E. and {Shin}, T. and {Troxel}, M.~A. and {Tutusaus}, I. and {Varga}, T.~N. and {Wechsler}, R.~H. and {Yanny}, B. and {Zhang}, Y. and {Zuntz}, J. and {Aguena}, M. and {Annis}, J. and {Bacon}, D. and {Bocquet}, S. and {Brooks}, D. and {Burke}, D.~L. and {Carretero}, J. and {Castander}, F.~J. and {Costanzi}, M. and {da Costa}, L.~N. and {De Vicente}, J. and {Doel}, P. and {Ferrero}, I. and {Flaugher}, B. and {Frieman}, J. and {Garc{\'\i}a-Bellido}, J. and {Gaztanaga}, E. and {Gutierrez}, G. and {Hinton}, S.~R. and {Hollowood}, D.~L. and {Honscheid}, K. and {James}, D.~J. and {Kuehn}, K. and {Lima}, M. and {Lin}, H. and {Marshall}, J.~L. and {Mena-Fern{\'a}ndez}, J. and {Menanteau}, F. and {Miquel}, R. and {Ogando}, R.~L.~C. and {Paterno}, M. and {Pereira}, M.~E.~S. and {Pieres}, A. and {Plazas Malag{\'o}n}, A.~A. and {Porredon}, A. and {Sanchez}, E. and {Sanchez Cid}, D. and {Smith}, M. and {Suchyta}, E. and {Swanson}, M.~E.~C. and {Tarle}, G. and {To}, C. and {Vikram}, V. and {Weaverdyck}, N.},
        title = "{Enhancing weak lensing redshift distribution characterization by optimizing the Dark Energy Survey Self-Organizing Map Photo-z method}",
      journal = {arXiv e-prints},
     keywords = {Astrophysics - Cosmology and Nongalactic Astrophysics, Astrophysics - Instrumentation and Methods for Astrophysics},
         year = 2024,
        month = aug,
          eid = {arXiv:2408.00922},
        pages = {arXiv:2408.00922},
          doi = {10.48550/arXiv.2408.00922},
archivePrefix = {arXiv},
       eprint = {2408.00922},
 primaryClass = {astro-ph.CO},
       adsurl = {https://ui.adsabs.harvard.edu/abs/2024arXiv240800922C},
      adsnote = {Provided by the SAO/NASA Astrophysics Data System}
}

@ARTICLE{Giannini2024,
       author = {{Giannini}, G. and {Alarcon}, A. and {Gatti}, M. and {Porredon}, A. and {Crocce}, M. and {Bernstein}, G.~M. and {Cawthon}, R. and {S{\'a}nchez}, C. and {Doux}, C. and {Elvin-Poole}, J. and {Raveri}, M. and {Myles}, J. and {Lin}, H. and {Amon}, A. and {Allam}, S. and {Alves}, O. and {Andrade-Oliveira}, F. and {Baxter}, E. and {Bechtol}, K. and {Becker}, M.~R. and {Blazek}, J. and {Camacho}, H. and {Campos}, A. and {Carnero Rosell}, A. and {Carrasco Kind}, M. and {Choi}, A. and {Cordero}, J. and {De Vicente}, J. and {DeRose}, J. and {Diehl}, H.~T. and {Dodelson}, S. and {Drlica-Wagner}, A. and {Eckert}, K. and {Fang}, X. and {Farahi}, A. and {Fosalba}, P. and {Friedrich}, O. and {Gruen}, D. and {Gruendl}, R.~A. and {Gschwend}, J. and {Harrison}, I. and {Hartley}, W.~G. and {Huff}, E.~M. and {Jarvis}, M. and {Krause}, E. and {Kuropatkin}, N. and {Lemos}, P. and {MacCrann}, N. and {McCullough}, J. and {Muir}, J. and {Pandey}, S. and {Prat}, J. and {Rodriguez-Monroy}, M. and {Ross}, A.~J. and {Rykoff}, E.~S. and {Samuroff}, S. and {Secco}, L.~F. and {Sevilla-Noarbe}, I. and {Sheldon}, E. and {Troxel}, M.~A. and {Tucker}, D.~L. and {Weaverdyck}, N. and {Yanny}, B. and {Yin}, B. and {Zhang}, Y. and {Abbott}, T.~M.~C. and {Aguena}, M. and {Bacon}, D. and {Bertin}, E. and {Bocquet}, S. and {Brooks}, D. and {Burke}, D.~L. and {Carretero}, J. and {Castander}, F.~J. and {Costanzi}, M. and {da Costa}, L.~N. and {Pereira}, M.~E.~S. and {Desai}, S. and {Doel}, P. and {Ferrero}, I. and {Flaugher}, B. and {Friedel}, D. and {Frieman}, J. and {Garc{\'\i}a-Bellido}, J. and {Gerdes}, D.~W. and {Gutierrez}, G. and {Hinton}, S.~R. and {Hollowood}, D.~L. and {Honscheid}, K. and {James}, D.~J. and {Kent}, S. and {Kuehn}, K. and {Lahav}, O. and {Lidman}, C. and {Lima}, M. and {Melchior}, P. and {Mena-Fern{\'a}ndez}, J. and {Menanteau}, F. and {Miquel}, R. and {Ogando}, R.~L.~C. and {Paterno}, M. and {Paz-Chinch{\'o}n}, F. and {Pieres}, A. and {Plazas Malag{\'o}n}, A.~A. and {Roodman}, A. and {Sanchez}, E. and {Scarpine}, V. and {Smith}, M. and {Suchyta}, E. and {Swanson}, M.~E.~C. and {Tarle}, G. and {Thomas}, D. and {To}, C. and {Vincenzi}, M. and {DES Collaboration}},
        title = "{Dark Energy Survey Year 3 results: redshift calibration of the MAGLIM lens sample from the combination of SOMPZ and clustering and its impact on cosmology}",
      journal = {\mnras},
     keywords = {gravitational lensing: weak, galaxies: distances and redshifts, dark energy, Astrophysics - Cosmology and Nongalactic Astrophysics},
         year = 2024,
        month = jan,
       volume = {527},
       number = {2},
        pages = {2010-2036},
          doi = {10.1093/mnras/stad2945},
archivePrefix = {arXiv},
       eprint = {2209.05853},
 primaryClass = {astro-ph.CO},
       adsurl = {https://ui.adsabs.harvard.edu/abs/2024MNRAS.527.2010G},
      adsnote = {Provided by the SAO/NASA Astrophysics Data System}
}

@ARTICLE{Brier1950,
       author = {{Brier}, Glenn W.},
        title = "{Verification of Forecasts Expressed in Terms of Probability}",
      journal = {Monthly Weather Review},
         year = 1950,
        month = jan,
       volume = {78},
       number = {1},
        pages = {1},
          doi = {10.1175/1520-0493(1950)078<0001:VOFEIT>2.0.CO;2},
       adsurl = {https://ui.adsabs.harvard.edu/abs/1950MWRv...78....1B},
      adsnote = {Provided by the SAO/NASA Astrophysics Data System}
}


@ARTICLE{scipy,
  author  = {Virtanen, Pauli and Gommers, Ralf and Oliphant, Travis E. and
            Haberland, Matt and Reddy, Tyler and Cournapeau, David and
            Burovski, Evgeni and Peterson, Pearu and Weckesser, Warren and
            Bright, Jonathan and {van der Walt}, St{\'e}fan J. and
            Brett, Matthew and Wilson, Joshua and Millman, K. Jarrod and
            Mayorov, Nikolay and Nelson, Andrew R. J. and Jones, Eric and
            Kern, Robert and Larson, Eric and Carey, C J and
            Polat, {\.I}lhan and Feng, Yu and Moore, Eric W. and
            {VanderPlas}, Jake and Laxalde, Denis and Perktold, Josef and
            Cimrman, Robert and Henriksen, Ian and Quintero, E. A. and
            Harris, Charles R. and Archibald, Anne M. and
            Ribeiro, Ant{\^o}nio H. and Pedregosa, Fabian and
            {van Mulbregt}, Paul and {SciPy 1.0 Contributors}},
  title   = {{{SciPy} 1.0: Fundamental Algorithms for Scientific
            Computing in Python}},
  journal = {Nature Methods},
  year    = {2020},
  volume  = {17},
  pages   = {261--272},
  adsurl  = {https://rdcu.be/b08Wh},
  doi     = {10.1038/s41592-019-0686-2},
}

@ARTICLE{2021MNRAS.505.4249M,
       author = {{Myles}, J. and {Alarcon}, A. and {Amon}, A. and {S{\'a}nchez}, C. and {Everett}, S. and {DeRose}, J. and {McCullough}, J. and {Gruen}, D. and {Bernstein}, G.~M. and {Troxel}, M.~A. and {Dodelson}, S. and {Campos}, A. and {MacCrann}, N. and {Yin}, B. and {Raveri}, M. and {Amara}, A. and {Becker}, M.~R. and {Choi}, A. and {Cordero}, J. and {Eckert}, K. and {Gatti}, M. and {Giannini}, G. and {Gschwend}, J. and {Gruendl}, R.~A. and {Harrison}, I. and {Hartley}, W.~G. and {Huff}, E.~M. and {Kuropatkin}, N. and {Lin}, H. and {Masters}, D. and {Miquel}, R. and {Prat}, J. and {Roodman}, A. and {Rykoff}, E.~S. and {Sevilla-Noarbe}, I. and {Sheldon}, E. and {Wechsler}, R.~H. and {Yanny}, B. and {Abbott}, T.~M.~C. and {Aguena}, M. and {Allam}, S. and {Annis}, J. and {Bacon}, D. and {Bertin}, E. and {Bhargava}, S. and {Bridle}, S.~L. and {Brooks}, D. and {Burke}, D.~L. and {Carnero Rosell}, A. and {Carrasco Kind}, M. and {Carretero}, J. and {Castander}, F.~J. and {Conselice}, C. and {Costanzi}, M. and {Crocce}, M. and {da Costa}, L.~N. and {Pereira}, M.~E.~S. and {Desai}, S. and {Diehl}, H.~T. and {Eifler}, T.~F. and {Elvin-Poole}, J. and {Evrard}, A.~E. and {Ferrero}, I. and {Fert{\'e}}, A. and {Flaugher}, B. and {Fosalba}, P. and {Frieman}, J. and {Garc{\'\i}a-Bellido}, J. and {Gaztanaga}, E. and {Giannantonio}, T. and {Hinton}, S.~R. and {Hollowood}, D.~L. and {Honscheid}, K. and {Hoyle}, B. and {Huterer}, D. and {James}, D.~J. and {Krause}, E. and {Kuehn}, K. and {Lahav}, O. and {Lima}, M. and {Maia}, M.~A.~G. and {Marshall}, J.~L. and {Martini}, P. and {Melchior}, P. and {Menanteau}, F. and {Mohr}, J.~J. and {Morgan}, R. and {Muir}, J. and {Ogando}, R.~L.~C. and {Palmese}, A. and {Paz-Chinch{\'o}n}, F. and {Plazas}, A.~A. and {Rodriguez-Monroy}, M. and {Samuroff}, S. and {Sanchez}, E. and {Scarpine}, V. and {Secco}, L.~F. and {Serrano}, S. and {Smith}, M. and {Soares-Santos}, M. and {Suchyta}, E. and {Swanson}, M.~E.~C. and {Tarle}, G. and {Thomas}, D. and {To}, C. and {Varga}, T.~N. and {Weller}, J. and {Wester}, W.},
        title = "{Dark Energy Survey Year 3 results: redshift calibration of the weak lensing source galaxies}",
      journal = {\mnras},
     keywords = {gravitational lensing: weak, galaxies: distances and redshifts, dark energy, Astrophysics - Cosmology and Nongalactic Astrophysics},
         year = 2021,
        month = aug,
       volume = {505},
       number = {3},
        pages = {4249-4277},
          doi = {10.1093/mnras/stab1515},
archivePrefix = {arXiv},
       eprint = {2012.08566},
 primaryClass = {astro-ph.CO},
       adsurl = {https://ui.adsabs.harvard.edu/abs/2021MNRAS.505.4249M},
      adsnote = {Provided by the SAO/NASA Astrophysics Data System}
}


@ARTICLE{1999MNRAS.310..540A,
       author = {{Arnouts}, S. and {Cristiani}, S. and {Moscardini}, L. and {Matarrese}, S. and {Lucchin}, F. and {Fontana}, A. and {Giallongo}, E.},
        title = "{Measuring and modelling the redshift evolution of clustering: the Hubble Deep Field North}",
      journal = {\mnras},
     keywords = {GALAXIES: CLUSTERS: GENERAL, GALAXIES: PHOTOMETRY, COSMOLOGY: OBSERVATIONS, COSMOLOGY: THEORY, LARGE-SCALE STRUCTURE OF UNIVERSE, Astrophysics},
         year = 1999,
        month = dec,
       volume = {310},
       number = {2},
        pages = {540-556},
          doi = {10.1046/j.1365-8711.1999.02978.x},
archivePrefix = {arXiv},
       eprint = {astro-ph/9902290},
 primaryClass = {astro-ph},
       adsurl = {https://ui.adsabs.harvard.edu/abs/1999MNRAS.310..540A},
      adsnote = {Provided by the SAO/NASA Astrophysics Data System}
}


@ARTICLE{2006A&A...457..841I,
       author = {{Ilbert}, O. and {Arnouts}, S. and {McCracken}, H.~J. and {Bolzonella}, M. and {Bertin}, E. and {Le F{\`e}vre}, O. and {Mellier}, Y. and {Zamorani}, G. and {Pell{\`o}}, R. and {Iovino}, A. and {Tresse}, L. and {Le Brun}, V. and {Bottini}, D. and {Garilli}, B. and {Maccagni}, D. and {Picat}, J.~P. and {Scaramella}, R. and {Scodeggio}, M. and {Vettolani}, G. and {Zanichelli}, A. and {Adami}, C. and {Bardelli}, S. and {Cappi}, A. and {Charlot}, S. and {Ciliegi}, P. and {Contini}, T. and {Cucciati}, O. and {Foucaud}, S. and {Franzetti}, P. and {Gavignaud}, I. and {Guzzo}, L. and {Marano}, B. and {Marinoni}, C. and {Mazure}, A. and {Meneux}, B. and {Merighi}, R. and {Paltani}, S. and {Pollo}, A. and {Pozzetti}, L. and {Radovich}, M. and {Zucca}, E. and {Bondi}, M. and {Bongiorno}, A. and {Busarello}, G. and {de La Torre}, S. and {Gregorini}, L. and {Lamareille}, F. and {Mathez}, G. and {Merluzzi}, P. and {Ripepi}, V. and {Rizzo}, D. and {Vergani}, D.},
        title = "{Accurate photometric redshifts for the CFHT legacy survey calibrated using the VIMOS VLT deep survey}",
      journal = {\aap},
     keywords = {galaxies: distances and redshifts, galaxies: photometry, methods: data analysis, Astrophysics},
         year = 2006,
        month = oct,
       volume = {457},
       number = {3},
        pages = {841-856},
          doi = {10.1051/0004-6361:20065138},
archivePrefix = {arXiv},
       eprint = {astro-ph/0603217},
 primaryClass = {astro-ph},
       adsurl = {https://ui.adsabs.harvard.edu/abs/2006A&A...457..841I},
      adsnote = {Provided by the SAO/NASA Astrophysics Data System}
}


@ARTICLE{1998ApJ...500..525S,
       author = {{Schlegel}, David J. and {Finkbeiner}, Douglas P. and {Davis}, Marc},
        title = "{Maps of Dust Infrared Emission for Use in Estimation of Reddening and Cosmic Microwave Background Radiation Foregrounds}",
      journal = {\apj},
     keywords = {COSMOLOGY: DIFFUSE RADIATION, COSMOLOGY: COSMIC MICROWAVE BACKGROUND, ISM: DUST, EXTINCTION, INTERPLANETARY MEDIUM, INFRARED: ISM: CONTINUUM, Cosmology: Cosmic Microwave Background, Cosmology: Diffuse Radiation, ISM: Dust, Extinction, Infrared: ISM: Continuum, Interplanetary Medium, Astrophysics},
         year = 1998,
        month = jun,
       volume = {500},
       number = {2},
        pages = {525-553},
          doi = {10.1086/305772},
archivePrefix = {arXiv},
       eprint = {astro-ph/9710327},
 primaryClass = {astro-ph},
       adsurl = {https://ui.adsabs.harvard.edu/abs/1998ApJ...500..525S},
      adsnote = {Provided by the SAO/NASA Astrophysics Data System}
}


@ARTICLE{SFD,
       author = {{Schlafly}, Edward F. and {Finkbeiner}, Douglas P.},
        title = "{Measuring Reddening with Sloan Digital Sky Survey Stellar Spectra and Recalibrating SFD}",
      journal = {\apj},
     keywords = {dust, extinction, Galaxy: stellar content, ISM: clouds, Astrophysics - Galaxy Astrophysics},
         year = 2011,
        month = aug,
       volume = {737},
       number = {2},
          eid = {103},
        pages = {103},
          doi = {10.1088/0004-637X/737/2/103},
archivePrefix = {arXiv},
       eprint = {1012.4804},
 primaryClass = {astro-ph.GA},
       adsurl = {https://ui.adsabs.harvard.edu/abs/2011ApJ...737..103S},
      adsnote = {Provided by the SAO/NASA Astrophysics Data System}
}

@misc{lsstsciencecollaboration2009lsstsciencebookversion,
      title={LSST Science Book, Version 2.0}, 
      author={{LSST Science Collaboration} and Paul A. Abell and Julius Allison and Scott F. Anderson and John R. Andrew and J. Roger P. Angel and Lee Armus and David Arnett and S. J. Asztalos and Tim S. Axelrod and Stephen Bailey and D. R. Ballantyne and Justin R. Bankert and Wayne A. Barkhouse and Jeffrey D. Barr and L. Felipe Barrientos and Aaron J. Barth and James G. Bartlett and Andrew C. Becker and Jacek Becla and Timothy C. Beers and Joseph P. Bernstein and Rahul Biswas and Michael R. Blanton and Joshua S. Bloom and John J. Bochanski and Pat Boeshaar and Kirk D. Borne and Marusa Bradac and W. N. Brandt and Carrie R. Bridge and Michael E. Brown and Robert J. Brunner and James S. Bullock and Adam J. Burgasser and James H. Burge and David L. Burke and Phillip A. Cargile and Srinivasan Chandrasekharan and George Chartas and Steven R. Chesley and You-Hua Chu and David Cinabro and Mark W. Claire and Charles F. Claver and Douglas Clowe and A. J. Connolly and Kem H. Cook and Jeff Cooke and Asantha Cooray and Kevin R. Covey and Christopher S. Culliton and Roelof de Jong and Willem H. de Vries and Victor P. Debattista and Francisco Delgado and Ian P. Dell'Antonio and Saurav Dhital and Rosanne Di Stefano and Mark Dickinson and Benjamin Dilday and S. G. Djorgovski and Gregory Dobler and Ciro Donalek and Gregory Dubois-Felsmann and Josef Durech and Ardis Eliasdottir and Michael Eracleous and Laurent Eyer and Emilio E. Falco and Xiaohui Fan and Christopher D. Fassnacht and Harry C. Ferguson and Yanga R. Fernandez and Brian D. Fields and Douglas Finkbeiner and Eduardo E. Figueroa and Derek B. Fox and Harold Francke and James S. Frank and Josh Frieman and Sebastien Fromenteau and Muhammad Furqan and Gaspar Galaz and A. Gal-Yam and Peter Garnavich and Eric Gawiser and John Geary and Perry Gee and Robert R. Gibson and Kirk Gilmore and Emily A. Grace and Richard F. Green and William J. Gressler and Carl J. Grillmair and Salman Habib and J. S. Haggerty and Mario Hamuy and Alan W. Harris and Suzanne L. Hawley and Alan F. Heavens and Leslie Hebb and Todd J. Henry and Edward Hileman and Eric J. Hilton and Keri Hoadley and J. B. Holberg and Matt J. Holman and Steve B. Howell and Leopoldo Infante and Zeljko Ivezic and Suzanne H. Jacoby and Bhuvnesh Jain and R and Jedicke and M. James Jee and J. Garrett Jernigan and Saurabh W. Jha and Kathryn V. Johnston and R. Lynne Jones and Mario Juric and Mikko Kaasalainen and Styliani and Kafka and Steven M. Kahn and Nathan A. Kaib and Jason Kalirai and Jeff Kantor and Mansi M. Kasliwal and Charles R. Keeton and Richard Kessler and Zoran Knezevic and Adam Kowalski and Victor L. Krabbendam and K. Simon Krughoff and Shrinivas Kulkarni and Stephen Kuhlman and Mark Lacy and Sebastien Lepine and Ming Liang and Amy Lien and Paulina Lira and Knox S. Long and Suzanne Lorenz and Jennifer M. Lotz and R. H. Lupton and Julie Lutz and Lucas M. Macri and Ashish A. Mahabal and Rachel Mandelbaum and Phil Marshall and Morgan May and Peregrine M. McGehee and Brian T. Meadows and Alan Meert and Andrea Milani and Christopher J. Miller and Michelle Miller and David Mills and Dante Minniti and David Monet and Anjum S. Mukadam and Ehud Nakar and Douglas R. Neill and Jeffrey A. Newman and Sergei Nikolaev and Martin Nordby and Paul O'Connor and Masamune Oguri and John Oliver and Scot S. Olivier and Julia K. Olsen and Knut Olsen and Edward W. Olszewski and Hakeem Oluseyi and Nelson D. Padilla and Alex Parker and Joshua Pepper and John R. Peterson and Catherine Petry and Philip A. Pinto and James L. Pizagno and Bogdan Popescu and Andrej Prsa and Veljko Radcka and M. Jordan Raddick and Andrew Rasmussen and Arne Rau and Jeonghee Rho and James E. Rhoads and Gordon T. Richards and Stephen T. Ridgway and Brant E. Robertson and Rok Roskar and Abhijit Saha and Ata Sarajedini and Evan Scannapieco and Terry Schalk and Rafe Schindler and Samuel Schmidt and Sarah Schmidt and Donald P. Schneider and German Schumacher and Ryan Scranton and Jacques Sebag and Lynn G. Seppala and Ohad Shemmer and Joshua D. Simon and M. Sivertz and Howard A. Smith and J. Allyn Smith and Nathan Smith and Anna H. Spitz and Adam Stanford and Keivan G. Stassun and Jay Strader and Michael A. Strauss and Christopher W. Stubbs and Donald W. Sweeney and Alex Szalay and Paula Szkody and Masahiro Takada and Paul Thorman and David E. Trilling and Virginia Trimble and Anthony Tyson and Richard Van Berg and Daniel Vanden Berk and Jake VanderPlas and Licia Verde and Bojan Vrsnak and Lucianne M. Walkowicz and Benjamin D. Wandelt and Sheng Wang and Yun Wang and Michael Warner and Risa H. Wechsler and Andrew A. West and Oliver Wiecha and Benjamin F. Williams and Beth Willman and David Wittman and Sidney C. Wolff and W. Michael Wood-Vasey and Przemek Wozniak and Patrick Young and Andrew Zentner and Hu Zhan},
      year={2009},
      eprint={0912.0201},
      archivePrefix={arXiv},
      primaryClass={astro-ph.IM},
      url={https://arxiv.org/abs/0912.0201}, 
}

@ARTICLE{Breivik2022,
       author = {{Breivik}, Katelyn and {Connolly}, Andrew J. and {Ford}, K.~E. Saavik and {Juri{\'c}}, Mario and {Mandelbaum}, Rachel and {Miller}, Adam A. and {Norman}, Dara and {Olsen}, Knut and {O'Mullane}, William and {Price-Whelan}, Adrian and {Sacco}, Timothy and {Sokoloski}, J.~L. and {Villar}, Ashley and {Acquaviva}, Viviana and {Ahumada}, Tomas and {AlSayyad}, Yusra and {Alves}, Catarina S. and {Andreoni}, Igor and {Anguita}, Timo and {Best}, Henry J. and {Bianco}, Federica B. and {Bonito}, Rosaria and {Bradshaw}, Andrew and {Burke}, Colin J. and {Rodrigues de Campos}, Andresa and {Cantiello}, Matteo and {Caplar}, Neven and {Chandler}, Colin Orion and {Chan}, James and {Nicolaci da Costa}, Luiz and {Danieli}, Shany and {Davenport}, James R.~A. and {Fabbian}, Giulio and {Fagin}, Joshua and {Gagliano}, Alexander and {Gall}, Christa and {Garavito Camargo}, Nicol{\'a}s and {Gawiser}, Eric and {Gezari}, Suvi and {Gomboc}, Andreja and {Gonzalez-Morales}, Alma X. and {Graham}, Matthew J. and {Gschwend}, Julia and {Guy}, Leanne P. and {Holman}, Matthew J. and {Hsieh}, Henry H. and {Hundertmark}, Markus and {Ili{\'c}}, Dragana and {Ishida}, Emille E.~O. and {Jurki{\'c}}, Tomislav and {Kannawadi}, Arun and {Kosakowski}, Alekzander and {Kova{\v{c}}evi{\'c}}, Andjelka B. and {Kubica}, Jeremy and {Lanusse}, Fran{\c{c}}ois and {Lazar}, Ilin and {Levine}, W. Garrett and {Li}, Xiaolong and {Lu}, Jing and {Luna}, Gerardo Juan Manuel and {Mahabal}, Ashish A. and {Malz}, Alex I. and {Mao}, Yao-Yuan and {Medan}, Ilija and {Moeyens}, Joachim and {Nikoli{\'c}}, Mladen and {Nikutta}, Robert and {O'Dowd}, Matt and {Olsen}, Charlotte and {Pearson}, Sarah and {Villicana Pedraza}, Ilhuiyolitzin and {Popinchalk}, Mark and {Popovi{\'c}}, Luka C. and {Pritchard}, Tyler A. and {Quint}, Bruno C. and {Radovi{\'c}}, Viktor and {Ragosta}, Fabio and {Riccio}, Gabriele and {Riley}, Alexander H. and {Ro{\.z}ek}, Agata and {S{\'a}nchez-S{\'a}ez}, Paula and {Sarro}, Luis M. and {Saunders}, Clare and {Savi{\'c}}, {\DJ}or{\dj}e V. and {Schmidt}, Samuel and {Scott}, Adam and {Shirley}, Raphael and {Smotherman}, Hayden R. and {Stetzler}, Steven and {Storey-Fisher}, Kate and {Street}, Rachel A. and {Trilling}, David E. and {Tsapras}, Yiannis and {Ustamujic}, Sabina and {van Velzen}, Sjoert and {V{\'a}zquez-Mata}, Jos{\'e} Antonio and {Venuti}, Laura and {Wyatt}, Samuel and {Yu}, Weixiang and {Zabludoff}, Ann},
        title = "{From Data to Software to Science with the Rubin Observatory LSST}",
      journal = {arXiv e-prints},
     keywords = {Astrophysics - Instrumentation and Methods for Astrophysics},
         year = 2022,
        month = aug,
          eid = {arXiv:2208.02781},
        pages = {arXiv:2208.02781},
          doi = {10.48550/arXiv.2208.02781},
archivePrefix = {arXiv},
       eprint = {2208.02781},
 primaryClass = {astro-ph.IM},
       adsurl = {https://ui.adsabs.harvard.edu/abs/2022arXiv220802781B},
      adsnote = {Provided by the SAO/NASA Astrophysics Data System}
}

@ARTICLE{2022MNRAS.514.5905N,
       author = {{Nourbakhsh}, Erfan and {Tyson}, J. Anthony and {Schmidt}, Samuel J. and {LSST Dark Energy Science Collaboration}},
        title = "{Galaxy blending effects in deep imaging cosmic shear probes of cosmology}",
      journal = {\mnras},
     keywords = {gravitational lensing: weak, cosmological parameters, dark matter, cosmology: observations, large-scale structure of Universe, techniques: image processing, Astrophysics - Cosmology and Nongalactic Astrophysics},
         year = 2022,
        month = aug,
       volume = {514},
       number = {4},
        pages = {5905-5926},
          doi = {10.1093/mnras/stac1303},
archivePrefix = {arXiv},
       eprint = {2112.07659},
 primaryClass = {astro-ph.CO},
       adsurl = {https://ui.adsabs.harvard.edu/abs/2022MNRAS.514.5905N},
      adsnote = {Provided by the SAO/NASA Astrophysics Data System}
}

@ARTICLE{2016MNRAS.459.3078D,
       author = {{De Vicente}, J. and {S{\'a}nchez}, E. and {Sevilla-Noarbe}, I.},
        title = "{DNF - Galaxy photometric redshift by Directional Neighbourhood Fitting}",
      journal = {\mnras},
     keywords = {methods: data analysis, surveys, galaxies: distances and redshifts, galaxies: statistics, large-scale structure of Universe, Astrophysics - Cosmology and Nongalactic Astrophysics},
         year = 2016,
        month = jul,
       volume = {459},
       number = {3},
        pages = {3078-3088},
          doi = {10.1093/mnras/stw857},
archivePrefix = {arXiv},
       eprint = {1511.07623},
 primaryClass = {astro-ph.CO},
       adsurl = {https://ui.adsabs.harvard.edu/abs/2016MNRAS.459.3078D},
      adsnote = {Provided by the SAO/NASA Astrophysics Data System}
}


@article{scikit-learn,
  title={Scikit-learn: Machine Learning in {P}ython},
  author={Pedregosa, F. and Varoquaux, G. and Gramfort, A. and Michel, V.
          and Thirion, B. and Grisel, O. and Blondel, M. and Prettenhofer, P.
          and Weiss, R. and Dubourg, V. and Vanderplas, J. and Passos, A. and
          Cournapeau, D. and Brucher, M. and Perrot, M. and Duchesnay, E.},
  journal={Journal of Machine Learning Research},
  volume={12},
  pages={2825--2830},
  year={2011}
}

@ARTICLE{Merz2024,
       author = {{Merz}, Grant and {Liu}, Xin and {Schmidt}, Samuel and {Malz}, Alex I. and {Zhang}, Tianqing and {Branton}, Doug and {Burke}, Colin J. and {Delucchi}, Melissa and {Sai Ejjagiri}, Yaswant and {Kubica}, Jeremy and {Liu}, Yichen and {Lynn}, Olivia and {Oldag}, Drew and {The LSST Dark Energy Science Collaboration}},
        title = "{DeepDISC-photoz: Deep Learning-Based Photometric Redshift Estimation for Rubin LSST}",
      journal = {arXiv e-prints},
     keywords = {Astrophysics - Instrumentation and Methods for Astrophysics},
         year = 2024,
        month = nov,
          eid = {arXiv:2411.18769},
        pages = {arXiv:2411.18769},
          doi = {10.48550/arXiv.2411.18769},
archivePrefix = {arXiv},
       eprint = {2411.18769},
 primaryClass = {astro-ph.IM},
       adsurl = {https://ui.adsabs.harvard.edu/abs/2024arXiv241118769M},
      adsnote = {Provided by the SAO/NASA Astrophysics Data System}
}


@ARTICLE{Stylianou2022,
       author = {{Stylianou}, Natalia and {Malz}, Alex I. and {Hatfield}, Peter and {Crenshaw}, John Franklin and {Gschwend}, Julia},
        title = "{The Sensitivity of GPz Estimates of Photo-z Posterior PDFs to Realistically Complex Training Set Imperfections}",
      journal = {\pasp},
     keywords = {Astrostatistics, Astrostatistics techniques, Photometry, Redshift surveys, 1882, 1886, 1234, 1378, Astrophysics - Instrumentation and Methods for Astrophysics, Astrophysics - Cosmology and Nongalactic Astrophysics},
         year = 2022,
        month = apr,
       volume = {134},
       number = {1034},
          eid = {044501},
        pages = {044501},
          doi = {10.1088/1538-3873/ac59bf},
archivePrefix = {arXiv},
       eprint = {2202.12775},
 primaryClass = {astro-ph.IM},
       adsurl = {https://ui.adsabs.harvard.edu/abs/2022PASP..134d4501S},
      adsnote = {Provided by the SAO/NASA Astrophysics Data System}
}

@ARTICLE{Mandelbaum2018,
       author = {{Mandelbaum}, Rachel},
        title = "{Weak Lensing for Precision Cosmology}",
      journal = {\araa},
     keywords = {Astrophysics - Cosmology and Nongalactic Astrophysics},
         year = 2018,
        month = sep,
       volume = {56},
        pages = {393-433},
          doi = {10.1146/annurev-astro-081817-051928},
archivePrefix = {arXiv},
       eprint = {1710.03235},
 primaryClass = {astro-ph.CO},
       adsurl = {https://ui.adsabs.harvard.edu/abs/2018ARA&A..56..393M},
      adsnote = {Provided by the SAO/NASA Astrophysics Data System}
}


@ARTICLE{2005ApJ...622..759G,
       author = {{G{\'o}rski}, K.~M. and {Hivon}, E. and {Banday}, A.~J. and {Wandelt}, B.~D. and {Hansen}, F.~K. and {Reinecke}, M. and {Bartelmann}, M.},
        title = "{HEALPix: A Framework for High-Resolution Discretization and Fast Analysis of Data Distributed on the Sphere}",
      journal = {\apj},
     keywords = {Cosmology: Cosmic Microwave Background, Cosmology: Observations, Methods: Statistical, Astrophysics},
         year = 2005,
        month = apr,
       volume = {622},
       number = {2},
        pages = {759-771},
          doi = {10.1086/427976},
archivePrefix = {arXiv},
       eprint = {astro-ph/0409513},
 primaryClass = {astro-ph},
       adsurl = {https://ui.adsabs.harvard.edu/abs/2005ApJ...622..759G},
      adsnote = {Provided by the SAO/NASA Astrophysics Data System}
}


@ARTICLE{som,
       author = {{Kohonen}, Teuvo},
        title = "{Self-organized formation of topologically correct feature maps}",
      journal = {Biological Cybernetics},
         year = 1982,
       volume = {43},
       number = {1},
        pages = {59-69},
          doi = {10.1007/BF00337288},
}


@article{Cramer01011928,
author = {Harald Cram\'{e}r},
title = {On the composition of elementary errors},
journal = {Scandinavian Actuarial Journal},
volume = {1928},
number = {1},
pages = {13--74},
year = {1928},
publisher = {Taylor \& Francis},
doi = {10.1080/03461238.1928.10416862},
URL = {
        https://doi.org/10.1080/03461238.1928.10416862
},
eprint = {https://doi.org/10.1080/03461238.1928.10416862
}}

@article{kl_divergence,
author = {I. Csiszar},
title = {{$I$-Divergence Geometry of Probability Distributions and Minimization Problems}},
volume = {3},
journal = {The Annals of Probability},
number = {1},
publisher = {Institute of Mathematical Statistics},
pages = {146 -- 158},
keywords = {15-A48, 49-F22, 60-00-E05, 62-B10, Contingency tables, distributions with given marginals, Geometry of probability distributions, iterative proportional fitting procedure, minimum discrimination information},
year = {1975},
doi = {10.1214/aop/1176996454},
URL = {https://doi.org/10.1214/aop/1176996454}
}

@ARTICLE{2019PASJ...71..114A,
       author = {{Aihara}, Hiroaki and {AlSayyad}, Yusra and {Ando}, Makoto and {Armstrong}, Robert and {Bosch}, James and {Egami}, Eiichi and {Furusawa}, Hisanori and {Furusawa}, Junko and {Goulding}, Andy and {Harikane}, Yuichi and {Hikage}, Chiaki and {Ho}, Paul T.~P. and {Hsieh}, Bau-Ching and {Huang}, Song and {Ikeda}, Hiroyuki and {Imanishi}, Masatoshi and {Ito}, Kei and {Iwata}, Ikuru and {Jaelani}, Anton T. and {Kakuma}, Ryota and {Kawana}, Kojiro and {Kikuta}, Satoshi and {Kobayashi}, Umi and {Koike}, Michitaro and {Komiyama}, Yutaka and {Li}, Xiangchong and {Liang}, Yongming and {Lin}, Yen-Ting and {Luo}, Wentao and {Lupton}, Robert and {Lust}, Nate B. and {MacArthur}, Lauren A. and {Matsuoka}, Yoshiki and {Mineo}, Sogo and {Miyatake}, Hironao and {Miyazaki}, Satoshi and {More}, Surhud and {Murata}, Ryoma and {Namiki}, Shigeru V. and {Nishizawa}, Atsushi J. and {Oguri}, Masamune and {Okabe}, Nobuhiro and {Okamoto}, Sakurako and {Okura}, Yuki and {Ono}, Yoshiaki and {Onodera}, Masato and {Onoue}, Masafusa and {Osato}, Ken and {Ouchi}, Masami and {Shibuya}, Takatoshi and {Strauss}, Michael A. and {Sugiyama}, Naoshi and {Suto}, Yasushi and {Takada}, Masahiro and {Takagi}, Yuhei and {Takata}, Tadafumi and {Takita}, Satoshi and {Tanaka}, Masayuki and {Terai}, Tsuyoshi and {Toba}, Yoshiki and {Uchiyama}, Hisakazu and {Utsumi}, Yousuke and {Wang}, Shiang-Yu and {Wang}, Wenting and {Yamada}, Yoshihiko},
        title = "{Second data release of the Hyper Suprime-Cam Subaru Strategic Program}",
      journal = {\pasj},
     keywords = {astronomical databases: miscellaneous, cosmology: observations, galaxies: general, surveys, Astrophysics - Instrumentation and Methods for Astrophysics, Astrophysics - Cosmology and Nongalactic Astrophysics, Astrophysics - Astrophysics of Galaxies, Astrophysics - Solar and Stellar Astrophysics},
         year = 2019,
        month = dec,
       volume = {71},
       number = {6},
          eid = {114},
        pages = {114},
          doi = {10.1093/pasj/psz103},
archivePrefix = {arXiv},
       eprint = {1905.12221},
 primaryClass = {astro-ph.IM},
       adsurl = {https://ui.adsabs.harvard.edu/abs/2019PASJ...71..114A},
      adsnote = {Provided by the SAO/NASA Astrophysics Data System}
}

@ARTICLE{Newman2013,
       author = {{Newman}, Jeffrey A. and {Abate}, Alexandra and {Abdalla}, Filipe B. and {Allam}, Sahar and {Allen}, Steven W. and {Ansari}, R{\'e}za and {Bailey}, Stephen and {Barkhouse}, Wayne A. and {Beers}, Timothy C. and {Blanton}, Michael R. and {Brodwin}, Mark and {Brownstein}, Joel R. and {Brunner}, Robert J. and {Carrasco Kind}, Matias and {Cervantes-Cota}, Jorge L. and {Cheu}, Elliott and {Chisari}, Nora Elisa and {Colless}, Matthew and {Comparat}, Johan and {Coupon}, Jean and {Cunha}, Carlos E. and {de la Macorra}, Axel and {Dell'Antonio}, Ian P. and {Frye}, Brenda L. and {Gawiser}, Eric J. and {Gehrels}, Neil and {Grady}, Kevin and {Hagen}, Alex and {Hall}, Patrick B. and {Hearin}, Andew P. and {Hildebrandt}, Hendrik and {Hirata}, Christopher M. and {Ho}, Shirley and {Honscheid}, Klaus and {Huterer}, Dragan and {Ivezi{\'c}}, {\v{Z}}eljko and {Kneib}, Jean-Paul and {Kruk}, Jeffrey W. and {Lahav}, Ofer and {Mandelbaum}, Rachel and {Marshall}, Jennifer L. and {Matthews}, Daniel J. and {M{\'e}nard}, Brice and {Miquel}, Ramon and {Moniez}, Marc and {Moos}, H.~W. and {Moustakas}, John and {Myers}, Adam D. and {Papovich}, Casey and {Peacock}, John A. and {Park}, Changbom and {Rahman}, Mubdi and {Rhodes}, Jason and {Ricol}, Jean-Stephane and {Sadeh}, Iftach and {Slozar}, An{\v{z}}e and {Schmidt}, Samuel J. and {Stern}, Daniel K. and {Anthony Tyson}, J. and {von der Linden}, Anja and {Wechsler}, Risa H. and {Wood-Vasey}, W.~M. and {Zentner}, Andrew R.},
        title = "{Spectroscopic needs for imaging dark energy experiments}",
      journal = {Astroparticle Physics},
     keywords = {Cosmology, Dark energy, Surveys, Astrophysics - Cosmology and Nongalactic Astrophysics},
         year = 2015,
        month = mar,
       volume = {63},
        pages = {81-100},
          doi = {10.1016/j.astropartphys.2014.06.007},
archivePrefix = {arXiv},
       eprint = {1309.5384},
 primaryClass = {astro-ph.CO},
       adsurl = {https://ui.adsabs.harvard.edu/abs/2015APh....63...81N},
      adsnote = {Provided by the SAO/NASA Astrophysics Data System}
}


@article{Weaver_2022,
doi = {10.3847/1538-4365/ac3078},
url = {https://dx.doi.org/10.3847/1538-4365/ac3078},
year = {2022},
month = {jan},
publisher = {The American Astronomical Society},
volume = {258},
number = {1},
pages = {11},
author = {Weaver, J. R. and Kauffmann, O. B. and Ilbert, O. and McCracken, H. J. and Moneti, A. and Toft, S. and Brammer, G. and Shuntov, M. and Davidzon, I. and Hsieh, B. C. and Laigle, C. and Anastasiou, A. and Jespersen, C. K. and Vinther, J. and Capak, P. and Casey, C. M. and McPartland, C. J. R. and Milvang-Jensen, B. and Mobasher, B. and Sanders, D. B. and Zalesky, L. and Arnouts, S. and Aussel, H. and Dunlop, J. S. and Faisst, A. and Franx, M. and Furtak, L. J. and Fynbo, J. P. U. and Gould, K. M. L. and Greve, T. R. and Gwyn, S. and Kartaltepe, J. S. and Kashino, D. and Koekemoer, A. M. and Kokorev, V. and Le Fèvre, O. and Lilly, S. and Masters, D. and Magdis, G. and Mehta, V. and Peng, Y. and Riechers, D. A. and Salvato, M. and Sawicki, M. and Scarlata, C. and Scoville, N. and Shirley, R. and Silverman, J. D. and Sneppen, A. and Smolc̆ić, V. and Steinhardt, C. and Stern, D. and Tanaka, M. and Taniguchi, Y. and Teplitz, H. I. and Vaccari, M. and Wang, W.-H. and Zamorani, G.},
title = {COSMOS2020: A Panchromatic View of the Universe to z ∼ 10 from Two Complementary Catalogs},
journal = {The Astrophysical Journal Supplement Series},
abstract = {The Cosmic Evolution Survey (COSMOS) has become a cornerstone of extragalactic astronomy. Since the last public catalog in 2015, a wealth of new imaging and spectroscopic data have been collected in the COSMOS field. This paper describes the collection, processing, and analysis of these new imaging data to produce a new reference photometric redshift catalog. Source detection and multiwavelength photometry are performed for 1.7 million sources across the 2 deg2 of the COSMOS field, ∼966,000 of which are measured with all available broadband data using both traditional aperture photometric methods and a new profile-fitting photometric extraction tool, The Farmer, which we have developed. A detailed comparison of the two resulting photometric catalogs is presented. Photometric redshifts are computed for all sources in each catalog utilizing two independent photometric redshift codes. Finally, a comparison is made between the performance of the photometric methodologies and of the redshift codes to demonstrate an exceptional degree of self-consistency in the resulting photometric redshifts. The i &lt; 21 sources have subpercent photometric redshift accuracy and even the faintest sources at 25 &lt; i &lt; 27 reach a precision of 5%. Finally, these results are discussed in the context of previous, current, and future surveys in the COSMOS field. Compared to COSMOS2015, it reaches the same photometric redshift precision at almost one magnitude deeper. Both photometric catalogs and their photometric redshift solutions and physical parameters will be made available through the usual astronomical archive systems (ESO Phase 3, IPAC-IRSA, and CDS).}
}

@ARTICLE{Mendoza25,
       author = {{Mendoza}, Ismael and {Torchylo}, Andrii and {Sainrat}, Thomas and {Guinot}, Axel and {Boucaud}, Alexandre and {Paillasa}, Maxime and {Avestruz}, Camille and {Adari}, Prakruth and {Aubourg}, Eric and {Biswas}, Biswajit and {Buchanan}, James and {Burchat}, Patricia and {Doux}, Cyrille and {Joseph}, Remy and {Kamath}, Sowmya and {Malz}, Alex I. and {Merz}, Grant and {Miyatake}, Hironao and {Roucelle}, C{\'e}cile and {Zhang}, Tianqing and {LSST Dark Energy Science Collaboration}},
        title = "{The Blending ToolKit: A simulation framework for evaluation of galaxy detection and deblending}",
      journal = {The Open Journal of Astrophysics},
     keywords = {Astrophysics - Instrumentation and Methods for Astrophysics, Astrophysics - Cosmology and Nongalactic Astrophysics},
         year = 2025,
        month = feb,
       volume = {8},
        pages = {E14},
          doi = {10.33232/001c.129699},
archivePrefix = {arXiv},
       eprint = {2409.06986},
 primaryClass = {astro-ph.IM},
       adsurl = {https://ui.adsabs.harvard.edu/abs/2025OJAp....8E..14L},
      adsnote = {Provided by the SAO/NASA Astrophysics Data System}
}

@ARTICLE{OpenUniverse,
       author = {{OpenUniverse} and {The LSST Dark Energy Science Collaboration} and {The Roman HLIS Project Infrastructure Team} and {The Roman RAPID Project Infrastructure Team} and {The Roman Supernova Cosmology Project Infrastructure Team} and {Alarcon}, A. and {Aldoroty}, L. and {Beltz-Mohrmann}, G. and {Bera}, A. and {Blazek}, J. and {Bogart}, J. and {Braeunlich}, G. and {Broughton}, A. and {Cao}, K. and {Chiang}, J. and {Chisari}, N.~E. and {Desai}, V. and {Fang}, Y. and {Galbany}, L. and {Hearin}, A. and {Heitmann}, K. and {Hirata}, C. and {Hounsell}, R. and {Jain}, B. and {Jarvis}, M. and {Jencson}, J. and {Kannawadi}, A. and {Kasliwal}, M.~K. and {Kessler}, R. and {Kiessling}, A. and {Knop}, R. and {Kovacs}, E. and {Laher}, R. and {Laliotis}, K. and {Lin}, C. and {Lopes}, I. and {Mahabal}, A. and {Mandelbaum}, R. and {Masiero}, J. and {Mau}, S. and {Meehan}, C. and {Meyers}, J. and {Moraes}, B. and {Paladini}, R. and {Pearl}, A. and {Plazas Malagon}, A. and {Rose}, B. and {Rubin}, D. and {Rusholme}, B. and {Santos}, A. and {{\v{S}}ar{\v{c}}evi{\'c}}, N. and {Singhal}, J. and {Scolnic}, D. and {Troxel}, M.~A. and {Van Alfen}, N. and {Van Dyke}, S. and {Walter}, C.~W. and {Wu}, T. and {Yamamoto}, M. and {Yan}, Y. and {Zhang}, T.},
        title = "{OpenUniverse2024: A shared, simulated view of the sky for the next generation of cosmological surveys}",
      journal = {arXiv e-prints},
     keywords = {Astrophysics - Cosmology and Nongalactic Astrophysics},
         year = 2025,
        month = jan,
          eid = {arXiv:2501.05632},
        pages = {arXiv:2501.05632},
          doi = {10.48550/arXiv.2501.05632},
archivePrefix = {arXiv},
       eprint = {2501.05632},
 primaryClass = {astro-ph.CO},
       adsurl = {https://ui.adsabs.harvard.edu/abs/2025arXiv250105632O},
      adsnote = {Provided by the SAO/NASA Astrophysics Data System}
}

@ARTICLE{Hildebrandt2021,
       author = {{Hildebrandt}, H. and {van den Busch}, J.~L. and {Wright}, A.~H. and {Blake}, C. and {Joachimi}, B. and {Kuijken}, K. and {Tr{\"o}ster}, T. and {Asgari}, M. and {Bilicki}, M. and {de Jong}, J.~T.~A. and {Dvornik}, A. and {Erben}, T. and {Getman}, F. and {Giblin}, B. and {Heymans}, C. and {Kannawadi}, A. and {Lin}, C. -A. and {Shan}, H. -Y.},
        title = "{KiDS-1000 catalogue: Redshift distributions and their calibration}",
      journal = {\aap},
     keywords = {cosmology: observations, gravitational lensing: weak, galaxies: photometry, surveys, Astrophysics - Cosmology and Nongalactic Astrophysics, Astrophysics - Instrumentation and Methods for Astrophysics},
         year = 2021,
        month = mar,
       volume = {647},
          eid = {A124},
        pages = {A124},
          doi = {10.1051/0004-6361/202039018},
archivePrefix = {arXiv},
       eprint = {2007.15635},
 primaryClass = {astro-ph.CO},
       adsurl = {https://ui.adsabs.harvard.edu/abs/2021A&A...647A.124H},
      adsnote = {Provided by the SAO/NASA Astrophysics Data System}
}



@ARTICLE{RAIL,
       author = {{The RAIL Team} and {van den Busch}, Jan Luca and {Charles}, Eric and {Cohen-Tanugi}, Johann and {Crafford}, Alice and {Crenshaw}, John Franklin and {Dagoret}, Sylvie and {De-Santiago}, Josue and {De Vicente}, Juan and {Hang}, Qianjun and {Joachimi}, Benjamin and {Joudaki}, Shahab and {Bryce Kalmbach}, J. and {Liang}, Shuang and {Lynn}, Olivia and {Malz}, Alex I. and {Mandelbaum}, Rachel and {Merz}, Grant and {Moskowitz}, Irene and {Oldag}, Drew and {Ruiz-Zapatero}, Jaime and {Rahman}, Mubdi and {Schmidt}, Samuel J. and {Scora}, Jennifer and {Shirley}, Raphael and {St{\"o}lzner}, Benjamin and {Toribio San Cipriano}, Laura and {Tortorelli}, Luca and {Yan}, Ziang and {Zhang}, Tianqing and {the Dark Energy Science Collaboration}},
        title = "{Redshift Assessment Infrastructure Layers (RAIL): Rubin-era photometric redshift stress-testing and at-scale production}",
      journal = {arXiv e-prints},
     keywords = {Instrumentation and Methods for Astrophysics, Cosmology and Nongalactic Astrophysics, Astrophysics of Galaxies},
         year = 2025,
        month = may,
          eid = {arXiv:2505.02928},
        pages = {arXiv:2505.02928},
          doi = {10.48550/arXiv.2505.02928},
archivePrefix = {arXiv},
       eprint = {2505.02928},
 primaryClass = {astro-ph.IM},
       adsurl = {https://ui.adsabs.harvard.edu/abs/2025arXiv250502928T},
      adsnote = {Provided by the SAO/NASA Astrophysics Data System}
}

